
@inproceedings{
    FSG01,
    author = "Kuramochi, M and Karypis, G.",
    date-modified = "2007-11-15 23:32:31 -0500",
    title = "Frequent Subgraph Discovery",
    booktitle = "ICDM Conference",
    year = "2001",
    date-added = "2007-11-15 23:32:29 -0500"
}

@article{nauty,
        author = {Brendan D. McKay},
            title = {Practical Graph Isomorphism},
			journal = {Congressus Numerantium},
			volume = 30,
			pages = {45-87},
                year = {1981},
}

@article{chinesepostman,
    title={Matching, Euler tours and the Chinese postman},
    author={Edmonds, Jack and Johnson, Ellis L},
    journal={Mathematical programming},
    volume={5},
    number={1},
    pages={88--124},
    year={1973},
    publisher={Springer}
}

@article{
    HZ09:vldb,
    author = "Hasan, Mohammad Al and Zaki, Mohammed J.",
    journal = "Proceedings of the VLDB Conference",
    title = "Output Space Sampling for Graph Patterns",
    year = "2009",
    date-modified = "2009-07-07 09:55:55 -0400",
    date-added = "2009-07-07 09:54:06 -0400"
}

@article{edmondskarp,
    author = {Edmonds, Jack and Karp, Richard M.},
    title = {Theoretical Improvements in Algorithmic Efficiency for Network
        Flow Problems},
    journal = {J. ACM},
    issue_date = {April 1972},
    volume = {19},
    number = {2},
    month = apr,
    year = {1972},
    issn = {0004-5411},
    pages = {248--264},
    numpages = {17},
    url = {http://doi.acm.org/10.1145/321694.321699},
    doi = {10.1145/321694.321699},
    acmid = {321699},
    publisher = {ACM},
    address = {New York, NY, USA},
} 

@incollection{npcomplete,
    added-at = {2006-11-06T22:06:28.000+0100},
    author = {Karp, R.},
    biburl =
    {http://www.bibsonomy.org/bibtex/21fa7a672ce72ed916311dc52e5a93038/lysander07},
    booktitle = {Complexity of Computer Computations},
    editor = {Miller, R. and Thatcher, J.},
    interhash = {427e5bfc8069f94f57c5d43b6fd85949},
    intrahash = {1fa7a672ce72ed916311dc52e5a93038},
    keywords = {imported XMLTage2006-2},
    pages = {85--103},
    publisher = {Plenum Press},
    timestamp = {2006-11-06T22:06:28.000+0100},
    title = {Reducibility among combinatorial problems},
    year = 1972
}

@article{JiaZH11,
    title = {An efficient graph-mining method for complicated and noisy data
        with real-world applications},
    author = {Yi Jia and Jintao Zhang and Jun Huan},
    year = {2011},
    journal = {Knowl. Inf. Syst.},
    volume = {28},
    number = {2},
    pages = {423-447},
}

@inproceedings{ImageFAS,
    added-at = {2012-08-13T00:00:00.000+0200},
    author = {Acosta-Mendoza, Niusvel and Morales-Gonzalez, Annette and
        Alonso, Andrés Gago and Reyes, Edel B. García and Medina-Pagola,
        José E.},
    biburl =
    {http://www.bibsonomy.org/bibtex/26d8edfff00a990df34787edaaf046991/dblp},
    isbn = {978-3-642-33274-6},
    pages = {292-299},
    publisher = {Springer},
    series = {Lecture Notes in Computer Science},
    title = {Image Classification Using Frequent
        Approximate Subgraphs.},
    url =
    {http://dblp.uni-trier.de/db/conf/ciarp/ciarp2012.html#Acosta-MendozaMARM12},
    volume = 7441,
    year = 2012
}

@inproceedings{SpeedUpFAS,
    author = {Acosta-Mendoza, Niusvel and Alonso, Andres Gago and
        Medina-Pagola, Jose E.},
    ee = {http://dx.doi.org/10.1007/978-3-642-33275-3_39},
    isbn = {978-3-642-33274-6},
    keywords = {dblp},
    booktitle = {LNCS Vol.\ 7441},
    title = {On Speeding up Frequent Approximate
        Subgraph Mining.},
    url =
    {http://dblp.uni-trier.de/db/conf/ciarp/ciarp2012.html#Acosta-MendozaAM12},
    year = 2012
}

@ARTICLE{RandomMatching, 
    author={Gori, M. and Maggini, M. and Sarti, L.}, 
    journal={IEEE Trans.\ on Pattern Analysis and Machine Intelligence},
    title={Exact and approximate graph matching using random walks}, 
    year={2005}, 
    month={july }, 
    volume={27}, 
    number={7}, 
    pages={1100-1111}, 
    doi={10.1109/TPAMI.2005.138}, 
    ISSN={0162-8828},}

    @article{BerettiIndexing,
        author = {Berretti, Stefano and Del Bimbo, Alberto and Vicario, Enrico},
        title = {Efficient Matching and Indexing of Graph Models in Content-Based
            Retrieval},
        journal = {IEEE Trans. Pattern Anal. Mach. Intell.},
        issue_date = {October 2001},
        volume = {23},
        number = {10},
        month = oct,
        year = {2001},
        issn = {0162-8828},
        pages = {1089--1105},
        numpages = {17},
        url = {http://dx.doi.org/10.1109/34.954600},
        doi = {10.1109/34.954600},
        acmid = {505441},
        publisher = {IEEE Computer Society},
        address = {Washington, DC, USA},
        keywords = {attributed relational graphs, content-based
            image retrieval, error correctingsubgraph isomorphism,
            image databases, indexing, metric indexing, pairwise
                weighted assignment, spatial arrangement},
    } 
@article{blosum62,
    author = {Eddy, Sean R.},
    doi = {10.1038/nbt0804-1035},
    journal = {Nature
        Biotechnology},
    month = aug,
    number = {8},
    pages =
    {1035--1036},
    pmid =
    {15286655},
    title = {{Where did the BLOSUM62 alignment score matrix come from?}},
    url
        =
        {http://dx.doi.org/10.1038/nbt0804-1035},
    volume
        =
        {22},
    year
        =
        {2004}
}


@article{
    2008-origami:sadm,
    author = "Chaoji, Vineet and Hasan, Mohammad Al and Salem, Saeed and Besson, Jeremy and Zaki, Mohammed J.",
    doi = "10.1002/sam.10004",
    keyword = "Journal,GraphMining,Sampling",
    title = "{ORIGAMI: A Novel and Effective Approach for Mining Representative Orthogonal Graph Patterns}",
    journal = "Statistical Analysis and Data Mining",
    number = "2",
    month = "June",
    volume = "1",
    year = "2008",
    pdf = "SADM08.pdf",
    pages = "67-84"
}

@inproceedings{
    yan.icde:2006,
    author = "Yan, Xifeng and Zhu, Feida and Han, Jiawei and Yu, Philip S.",
    title = "Searching Substructures with Superimposed Distance",
    ee = "http://doi.ieeecomputersociety.org/10.1109/ICDE.2006.136",
    booktitle = "ICDE Conference",
    year = "2006",
    bibsource = "DBLP, http://dblp.uni-trier.de",
    crossref = "DBLP:conf/icde/2006"
}

@inproceedings{
    gSpan,
    author = "Yan, X. and Han, J.",
    booktitle = "ICDM Conference",
    title = "{gSpan}: Graph-based substructure pattern mining",
    year = "2002",
    date-modified = "2007-12-04 17:55:55 -0500",
    date-added = "2007-11-15 21:23:00 -0500"
}

@inproceedings{
    gapprox,
    author = "Chen, Chen and Yan, Xifeng and Zhu, Feida and Han, Jiawei",
    numpages = "6",
    doi = "10.1109/ICDM.2007.36",
    isbn = "0-7695-3018-4",
    title = "{gApprox}: Mining Frequent Approximate Patterns from a Massive Network",
    url = "http://dx.doi.org/10.1109/ICDM.2007.36",
    booktitle = "ICDM Conference",
    year = "2007",
}

@inproceedings{
    HWP03,
    author = "Huan, Jun and Wang, Wei and Prins, Jan",
    date-modified = "2008-12-16 21:49:44 -0500",
    title = "Efficient Mining of Frequent Subgraphs in the Presence of Isomorphism",
    booktitle = "ICDM Conference",
    year = "2003",
    date-added = "2008-12-16 21:49:44 -0500"
}

@article{
    weisfeiler,
    author = "Weisfeiler, B. and Lehman, A. A.",
    journal = "Nauchno-Technicheskaya Informatsiya",
    year = "1968",
    number = "9",
    title = "A reduction of a graph to a canonical form and an algebra arising during this reduction"
}

@article{
    Everett,
    author = "Everett, Martin G. and Borgatti, Steve",
    doi = "10.1016/0378-8733(88)90011-1",
    title = "Calculating role similarities: An algorithm that helps determine the orbits of a graph",
    url = "http://www.sciencedirect.com/science/article/pii/0378873388900111",
    journal = "Social Networks",
    issn = "0378-8733",
    number = "1",
    volume = "10",
    year = "1988",
    pages = "77 - 91"
}

@inproceedings{
    TALE,
    author = "Tian, Yuanyuan and Patel, Jignesh M.",
    title = "TALE: A Tool for Approximate Large Graph Matching",
    ee = "http://doi.ieeecomputersociety.org/10.1109/ICDE.2008.4497505",
    booktitle = "ICDE Conference",
    year = "2008",
    bibsource = "DBLP, http://dblp.uni-trier.de",
    crossref = "DBLP:conf/icde/2008"
}

@inproceedings{
    zampelli,
    author = "{Zampelli}, StÃ©phane and {Deville}, Yves and {Solnon}, Christine and {Sorlin}, SÃ©bastien and {Dupont}, Pierre",
    publisher = "Springer",
    language = "en",
    title = "{Filtering for Subgraph Isomorphism}",
    url = "http://liris.cnrs.fr/publis/?id=2940",
    series = "LNCS",
    booktitle = "13th International Conference on Principles and Practice of Constraint Programming (CP'2007)",
    month = "September",
    note = "",
    year = "2007",
    pages = "728--742"
}

@article{
    2009-graphsampling,
    author = "Hasan, Mohammad Al and Zaki, Mohammed J.",
    keyword = "Journal,GraphMining,Sampling",
    title = "Output Space Sampling for Graph Patterns",
    journal = "Proceedings of the VLDB Endowment",
    number = "1",
    volume = "2",
    year = "2009",
    pdf = "VLDB09.pdf",
    pages = "730-741"
}

@inproceedings{
    shervashidzeNips,
    author = "Shervashidze, Nino and Borgwardt, Karsten M.",
    title = "Fast subtree kernels on graphs",
    ee = "http://books.nips.cc/papers/files/nips22/NIPS2009_0533.pdf",
    booktitle = "NIPS",
    year = "2009",
    bibsource = "DBLP, http://dblp.uni-trier.de",
    pages = "1660-1668",
    crossref = "DBLP:conf/nips/2009"
}

@article{
    2012-vldb,
    author = "Silva, Arlei and Zaki, Mohammed J. and Jr., Wagner Meira",
    keyword = "Journal,GraphMining,Clustering",
    title = "Mining Attribute-structure Correlated Patterns in Large Attributed Graphs",
    journal = "PVLDB",
    number = "5",
    volume = "5",
    year = "2012",
    pdf = "VLDB12.pdf",
    pages = "466--477"
}

@inbook{
    orbits,
    author = "Mowshowitz, Abbe and Mitsou, Valia",
    publisher = "Wiley-VCH Verlag GmbH Co. KGaA",
    doi = "10.1002/9783527627981.ch1",
    isbn = "9783527627981",
    title = "Entropy, Orbits, and Spectra of Graphs",
    url = "http://dx.doi.org/10.1002/9783527627981.ch1",
    booktitle = "Analysis of Complex Networks",
    year = "2009",
    keywords = "entropy, orbits, spectra of graphs, structural complexity",
    pages = "1--22"
}

@article{
    shervashidzeJmlr,
    author = "Shervashidze, Nino and Schweitzer, Pascal and van Leeuwen, Erik Jan and Mehlhorn, Kurt and Borgwardt, Karsten M.",
    numpages = "23",
    publisher = "JMLR.org",
    issue_date = "11/1/2011",
    acmid = "2078187",
    title = "Weisfeiler-Lehman Graph Kernels",
    url = "http://dl.acm.org/citation.cfm?id=2078183.2078187",
    journal = "J. Mach. Learn. Res.",
    issn = "1532-4435",
    month = "November",
    volume = "999888",
    year = "2011",
    pages = "2539--2561"
}

@inproceedings{
    RAM2008,
    author = "Zhang, Shijie and Yang, Jiong",
    title = "RAM: Randomized Approximate Graph Mining",
    ee = "http://dx.doi.org/10.1007/978-3-540-69497-7_14",
    booktitle = "SSDBM Conference",
    year = "2008",
    bibsource = "DBLP, http://dblp.uni-trier.de",
    crossref = "DBLP:conf/ssdbm/2008"
}

@inproceedings{
    IWM00,
    author = "Inokuchi, A. and Washio, T. and Motoda, H.",
    date-modified = "2007-11-15 21:23:01 -0500",
    title = "An apriori-based algorithm for mining frequent substructures from graph data",
    booktitle = "PKDD Conference",
    year = "2000",
    date-added = "2007-11-15 21:23:00 -0500"
}

@article{
    borgelt2002mmf,
    author = "Borgelt, C. and Berthold, M.R.",
    title = "{Mining molecular fragments: Finding relevant substructures of molecules}",
    timestamp = "2008.01.07",
    journal = "ICDM Conference",
    year = "2002",
}

@article{
    kuramochi2005ffp,
    author = "Kuramochi, M. and Karypis, G.",
    publisher = "Springer",
    title = "{Finding Frequent Patterns in a Large Sparse Graph}",
    timestamp = "2008.01.07",
    journal = "Data Mining and Knowledge Discovery",
    number = "3",
    volume = "11",
    year = "2005",
    owner = "zaki",
    pages = "243--271"
}

@inproceedings{
    2011-icdm,
    author = "Anchuri, Pranay and Zaki, Mohammed J. and Barkol, Omer and Bergman, Ruth and Felder, Yifat and Golan, Shahar and Sityon, Arik",
    keyword = "Conference,GraphMining",
    title = "Infrastructure Pattern Discovery in Configuration Management Databases via Large Sparse Graph Mining",
    booktitle = "11th IEEE International Conference on Data Mining",
    month = "December",
    year = "2011",
    pdf = "ICDM11.pdf"
}

@article{2012-kais,
Author = {Pranay Anchuri and Mohammed J. Zaki and 
        Omer Barkol and Ruth Bergman and Yifat Felder and 
        Shahar Golan and Arik Sityon},
Title = {Graph Mining for Discovering Infrastructure Patterns in
  Configuration Management Databases},
  journal   = {Knowledge and Information Systems},
  volume    = {33},
  number    = {3},
  year      = {2012},
  pages     = {491-522},
  month = Dec,
  doi = {10.1007/s10115-012-0528-3},
PDF = {KAIS12.pdf},
KeyWord = {Journal,GraphMining},
}

@inproceedings{
    fiedler2007support,
    author = "Fiedler, M. and Borgelt, C.",
    booktitle = "5th International Workshop on Mining and Learning with Graphs",
    year = "2007",
    title = "Support computation for mining frequent subgraphs in a single graph"
}

@inproceedings{
    pushrelabel,
    author = "Goldberg, A V and Tarjan, R E",
    numpages = "11",
    publisher = "ACM",
    doi = "10.1145/12130.12144",
    isbn = "0-89791-193-8",
    title = "A new approach to the maximum flow problem",
    url = "http://doi.acm.org/10.1145/12130.12144",
    series = "STOC '86",
    booktitle = "Proceedings of the eighteenth annual ACM symposium on Theory of computing",
    acmid = "12144",
    location = "Berkeley, California, United States",
    year = "1986",
    pages = "136--146",
    address = "New York, NY, USA"
}

@inproceedings{
    Gaddi2009,
    author = "Zhang, Shijie and Li, Shirong and Yang, Jiong",
    doi = "10.1145/1516360.1516384",
    isbn = "978-1-60558-422-5",
    title = "GADDI: distance index based subgraph matching in biological networks",
    url = "http://doi.acm.org/10.1145/1516360.1516384",
    booktitle = "EDBT Conference",
    acmid = "1516384",
    year = "2009",
}

@inproceedings{
    Huan.Wang.ea:03,
    author = "Huan, Jun and Wang, Wei and Prins, Jan",
    booktitle = "ICDM",
    title = "Efficient Mining of Frequent Subgraphs in the Presence of Isomorphism",
    year = "2003",
    date-modified = "2009-12-15 11:58:39 -0500",
    date-added = "2009-12-15 11:58:39 -0500"
}

@inproceedings{
    li2010dessin,
    author = "Li, S. and Zhang, S. and Yang, J.",
    booktitle = "SSDBM Conference",
    year = "2010",
    title = "DESSIN: mining dense subgraph patterns in a single graph"
}

@article{altschul90,
        Author = {S. F. Altschul and W. Gish and W. Miller and E. W. Myers and D. J. Lipman},
        Date-Added = {2007-11-15 23:37:23 -0500},
        Date-Modified = {2007-11-15 23:37:23 -0500},
        Journal = {Journal of Molecular Biology},
        Title = {A Basic Local Alignment Search Tool},
        Year = {1990},
		Volume = 215,
		number = 3,
		pages = {403-10},
}
@article{IWM03,
        Author = {A.~Inokuchi and T.~Washio and H.~Motoda},
        Date-Added = {2008-12-16 21:49:44 -0500},
        Date-Modified = {2008-12-16 21:49:44 -0500},
        Journal = {Machine Learning},
        Number = 3,
        Pages = {321-354},
        Title = {Complete Mining of Frequent Patterns from Graphs: Mining Graph Data},
        Volume = 50,
        Year = {2003}}

@article{HH92,
        Author = {Henikoff, S. and Henikoff, J.G.},
        Journal = {Proc. Natl. Acad. Sci. USA},
        Pages = {10915-10919},
        Title = {Amino acid substitution matrices from protein blocks},
        Volume = {89},
        Year = {2002},
}

@article{SpeedUpFAS,
    author = {Acosta-Mendoza, Niusvel and Alonso, Andres Gago and
        Medina-Pagola, Jose E.},
    keywords = {dblp},
    pages = {316-323},
    publisher = {Springer},
    journal = {Lecture Notes in Computer Science},
    title = {On Speeding up Frequent Approximate
        Subgraph Mining},
    volume = 7441,
    year = 2012,
}
@article{ImageFAS,
    added-at = {2012-08-13T00:00:00.000+0200},
    author = {Acosta-Mendoza, Niusvel and Morales-Gonzalez, Annette and
        Alonso, Andres Gago and Reyes, Edel B. Garcia and Medina-Pagola,
        Jose E.},
    pages = {292-299},
    publisher = {Springer},
    journal = {Lecture Notes in Computer Science},
    title = {Image Classification Using Frequent
        Approximate Subgraphs},
    volume = 7441,
    year = 2012,
}
