@inproceedings{1995-hcw,
  Author =	 {Mohammed J. Zaki and Wei Li and Michal Cierniak},
  Title =	 {Performance Impact of Processor and Memory
                  Heterogeneity in a Network of Machines},
  Booktitle =	 {4th Heterogeneous Computing Workshop (with IPPS)},
  Month =	 Apr,
  Year =	 1995,
  PDF =		 {HCW95.pdf},
  KeyWord =	 {Conference,Systems},
}

@inproceedings{1995-hpdc,
  Author =	 {Michal Cierniak and Wei Li and Mohammed J. Zaki},
  Title =	 {Loop scheduling for heterogeneity},
  Booktitle =	 {4th IEEE International Symposium on High-Performance
                  Distributed Computing},
  Month =	 Aug,
  Year =	 1995,
  PDF =		 {HPDC95.pdf},
  KeyWord =	 {Conference,Systems},
}

@techreport{1995-robotics,
  Author =	 {Olac Fuentes and Jonas Karlsson and Wagner Meira and
                  Rajesh Rao and Terry Riopka and Justinian Rosca and
                  Ramesh Sarukkai and Michael van Wie and Mohammed
                  J. Zaki and Terry Becker and R. Frank and Bradford
                  Miller and Chris M. Brown},
  Title =	 {Mobile Robotics 1994},
  Institution =	 {University of Rochester},
  Number =	 {Technical Report 588},
  Month =	 May,
  Year =	 1995,
  PDF =		 {URTR588.pdf},
  KeyWord =	 {TechReport,Robotics},
}

@inproceedings{1996-cashmere,
  Author =	 {Michael Scott and Wei Li and Sandhya Dwarkadas and
                  Leonidas Kontothanassis and Galen Hunt and Maged
                  Michael and Rob Stets and Nikos Hardavellas and
                  Wagner Meira and Alex Poulos and Michal Cierniak and
                  Srinivasan Parthasarathy and Mohammed J. Zaki},
  Title =	 {Implementation of Cashmere},
  Booktitle =	 {6th International Workshop on Scalable Shared Memory
                  Multiprocessors (with ASPLOS)},
  Month =	 Oct,
  Year =	 1996,
  PDF =		 {SSMM96.pdf},
  KeyWord =	 {Conference,Systems},
}

@inproceedings{1996-dlb,
  Author =	 {Mohammed J. Zaki and Wei Li and Srinivasan
                  Parthasarathy},
  Title =	 {Customized Dynamic Load Balancing for a Network of
                  Workstations},
  Booktitle =	 {5th IEEE International Symposium on High-Performance
                  Distributed Computing},
  Month =	 Aug,
  Year =	 1996,
  PDF =		 {HPDC96.pdf},
  KeyWord =	 {Conference,Systems},
}

@article{1996-semirankable:jci,
  Author =	 {Lane Hemaspaandra and Mohammed J. Zaki and Marius
                  Zimand},
  Title =	 {Polynomial-Time Semi-Rankable Sets},
  Journal =	 {Journal of Computing and Information},
  Note =	 {special issue on 8th International Conference of
                  Computing and Information},
  Volume =	 2,
  Number =	 1,
  Pages =	 {50-67},
  Month =	 Jun,
  Year =	 1996,
  PDF =		 {ICCI96.pdf},
  KeyWord =	 {Journal,Theory},
}

@inproceedings{1996-spdp,
  Author =	 {Srinivasan Parthasarathy and Wei Li and M. Cierniak
                  and Mohammed J. Zaki},
  Title =	 {Compile-Time Inter-Query Dependence Analysis},
  Booktitle =	 {8th IEEE Symposium on Parallel and Distributed
                  Processing},
  Month =	 Oct,
  Year =	 1996,
  PDF =		 {SPDP96.pdf},
  KeyWord =	 {Conference,Systems},
}

@inproceedings{1996-supercomputing,
  Author =	 {Mohammed J. Zaki and Mitsunori Ogihara and
                  Srinivasan Parthasarathy and Wei Li},
  Title =	 {Parallel Data Mining for Association Rules on
                  Shared-memory Multi-processors},
  Booktitle =	 {Supercomputing'96},
  Month =	 Nov,
  Year =	 1996,
  PDF =		 {SC96.pdf},
  KeyWord =	 {Conference,ItemsetMining,ParallelDM},
}

@article{1997-dlb-jpdc,
  Author =	 {Mohammed J. Zaki and Wei Li and Srinivasan
                  Parthasarathy},
  Title =	 {Customized Dynamic Load Balancing for a Network of
                  Workstations},
  Journal =	 {Journal of Parallel and Distributed Computing},
  Note =	 {special issue on Workstation Clusters and
                  Network-based Computing: Performance Evaluation,
                  Scheduling, and Fault-Tolerance},
  Volume =	 43,
  Number =	 2,
  Pages =	 {156-162},
  Month =	 Jun,
  Year =	 1997,
  PDF =		 {JPDC97.pdf},
  KeyWord =	 {Journal,Systems},
}

@inproceedings{1997-dna,
  Author =	 {Vineet Gupta and Srinivasan Parthasarathy and
                  Mohammed J. Zaki},
  Title =	 {Arithmetic and Logic Operations with DNA},
  Booktitle =	 {3rd DIMACS Workshop on DNA Based Computers},
  Month =	 Jun,
  Year =	 1997,
  PDF =		 {DIMACS97.pdf},
  KeyWord =	 {Conference,DNAComputing},
}

@inproceedings{1997-eclat,
  Author =	 {Mohammed J. Zaki and Srinivasan Parthasarathy and
                  Mitsunori Ogihara and Wei Li},
  Title =	 {New algorithms for fast discovery of association
                  rules},
  Booktitle =	 {3rd International Conference on Knowledge Discovery
                  and Data Mining (KDD)},
  Month =	 Aug,
  Year =	 1997,
  PDF =		 {KDD97.pdf},
  KeyWord =	 {Conference,ItemsetMining},
}

@techreport{1997-eclat-tr,
  Author =	 {Mohammed J. Zaki and Srinivasan Parthasarathy and
                  Mitsunori Ogihara and Wei Li},
  Title =	 {New algorithms for fast discovery of association
                  rules},
  Number = {URCS-TR-651},
  Institution = {University of Rochester},
  Month =	 Jul,
  Year =	 1997,
  PDF = {URTR651.pdf},
  KeyWord =	 {TechReport,ItemsetMining},
}



@article{1997-now:cj,
  Author =	 {Michal Cierniak and Mohammed J. Zaki and Wei Li},
  Title =	 {Compile-time scheduling algorithms for a
                  heterogeneous network of workstations},
  Journal =	 {The Computer Journal},
  Note =	 {special issue on Automatic Loop Parallelization},
  Volume =	 40,
  Number =	 6,
  Pages =	 {356-372},
  Month =	 Dec,
  Year =	 1997,
  Doi =		 {10.1093/comjnl/40.6.356},
  PDF =		 {CJ97.pdf},
  KeyWord =	 {Journal,Systems},
}

@article{1997-pareclat:dmkd,
  Author =	 {Mohammed J. Zaki and Srinivasan Parthasarathy and
                  Mitsunori Ogihara and Wei Li},
  Title =	 {Parallel algorithms for discovery of association
                  rules},
  Journal =	 {Data Mining and Knowledge Discovery: An
                  International Journal},
  Note =	 {Special issue on Scalable High-Performance Computing
                  for KDD},
  Volume =	 1,
  Number =	 4,
  Pages =	 {343-373},
  Month =	 Dec,
  Year =	 1997,
  Doi =		 {10.1023/A:1009773317876},
  PDF =		 {DMKD97.pdf},
  KeyWord =	 {Journal,ItemsetMining,ParallelDM},
}

@inproceedings{1997-sampling-assoc,
  Author =	 {Mohammed J. Zaki and Srinivasan Parthasarathy and
                  Wei Li and Mitsunori Ogihara},
  Title =	 {Evaluation of Sampling for Data Mining of
                  Association Rules},
  Booktitle =	 {7th IEEE International Workshop on Research Issues
                  in Data Engineering (with ICDE)},
  Month =	 Apr,
  Year =	 1997,
  PDF =		 {RIDE97.pdf},
  KeyWord =	 {Conference,ItemsetMining,Sampling},
}

@inproceedings{1997-spaa,
  Author =	 {Mohammed J. Zaki and Srinivasan Parthasarathy and
                  Wei Li},
  Title =	 {A localized algorithm for parallel association
                  mining},
  Booktitle =	 {9th Annual ACM Symposium on Parallel Algorithms and
                  Architectures},
  Month =	 Jun,
  Year =	 1997,
  PDF =		 {SPAA97.pdf},
  KeyWord =	 {Conference,ParallelDM,ItemsetMining},
}

@inproceedings{1998-fca,
  Author =	 {Mohammed J. Zaki and Mitsunori Ogihara},
  Title =	 {Theoretical Foundations of Association Rules},
  Booktitle =	 {3rd ACM SIGMOD Workshop on Research Issues in Data
                  Mining and Knowledge Discovery},
  Month =	 Jun,
  Year =	 1998,
  PDF =		 {DMKDW98.pdf},
  KeyWord =	 {Conference,ItemsetMining},
}

@inproceedings{1998-memplacement,
  Author =	 {Srinivasan Parthasarathy and Mohammed J. Zaki and
                  Wei Li},
  Title =	 {Memory placement techniques for parallel association
                  mining},
  Booktitle =	 {4th International Conference on Knowledge Discovery
                  and Data Mining (KDD)},
  Month =	 Aug,
  Year =	 1998,
  PDF =		 {KDD98-mem.pdf},
  KeyWord =	 {Conference,ItemsetMining,ParallelDM},
}

@inproceedings{1998-planmine,
  Author =	 {Mohammed J. Zaki and Neal Lesh and Mitsunori
                  Ogihara},
  Title =	 {{PLANMINE}: Sequence mining for plan failures},
  Booktitle =	 {4th International Conference on Knowledge Discovery
                  and Data Mining (KDD)},
  Month =	 Aug,
  Year =	 1998,
  PDF =		 {KDD98-planmine.pdf},
  KeyWord =	 {Conference,SequenceMining},
}

@inproceedings{1998-smpclassification,
  Author =	 {Mohammed J. Zaki and Ching-Tien Ho and Rakesh
                  Agrawal},
  Title =	 {Parallel Classification on SMP Systems},
  Booktitle =	 {1st Workshop on High Performance Data Mining (with
                  IPPS)},
  Month =	 Mar,
  Year =	 1998,
  PDF =		 {HPDM98.pdf},
  KeyWord =	 {Conference,ParallelDM,Classification},
}

@inproceedings{1998-spade,
  Author =	 {Mohammed J. Zaki},
  Title =	 {Efficient Enumeration of Frequent Sequences},
  Booktitle =	 {7th ACM International Conference on Information and
                  Knowledge Management},
  Month =	 Nov,
  Year =	 1998,
  PDF =		 {CIKM98.pdf},
  KeyWord =	 {Conference,SequenceMining},
}

@techreport{1998-thesis,
  Author =	 {Mohammed J. Zaki},
  Title =	 {Scalable data mining for rules},
  Institution =	 {University of Rochester},
  Number =	 {URCS-TR-702 (Ph.D. Thesis)},
  Month =	 Jul,
  Year =	 1998,
  PDF =		 {THESIS98.pdf},
  KeyWord =
                  {TechReport,ParallelDM,ItemsetMining,SequenceMining,Classification},
}

@incollection{1999-dlb,
  Author =	 {Mohammed J. Zaki and Srinivasan Parthasarathy and
                  Wei Li},
  Title =	 {Customized Dynamic Load Balancing for Cluster
                  Computing},
  Editor =	 {Rajkumar Buyya},
  Booktitle =	 {High Performance Cluster Computing: Architectures
                  and Systems},
  Volume =	 1,
  Pages =	 {582-607},
  Publisher =	 {Prentice Hall, Upper Saddle River, NJ},
  Year =	 1999,
  PDF =		 {HPCC99.pdf},
  KeyWord =	 {Chapter,Systems},
}

@inproceedings{1999-featuremine,
  Author =	 {Neal Lesh and Mohammed J. Zaki and Mitsunori
                  Ogihara},
  Title =	 {Mining features for Sequence Classification},
  Booktitle =	 {5th International Conference on Knowledge Discovery
                  and Data Mining (KDD)},
  Month =	 Aug,
  Year =	 1999,
  PDF =		 {KDD99.pdf},
  KeyWord =	 {Conference,SequenceMining,Classification},
}

@techreport{1999-ibmtr,
  Author =	 {Mohammed J. Zaki and Ching-Tien Ho and Rakesh
                  Agrawal},
  Title =	 {Parallel Classification for Data Mining on
                  Shared-Memory Systems},
  Institution =	 {IBM},
  Number =	 {RJ10104},
  Year =	 1999,
  PDF =		 {IBMTR99.pdf},
  KeyWord =	 {TechReport,ParallelDM,Classification},
}

@proceedings{1999-lspdm,
  Author =	 {Mohammed J. Zaki and Ching-Tien Ho},
  Editor =	 {Mohammed J. Zaki and Ching-Tien Ho},
  Title =	 {Proceedings of the ACM SIGKDD Workshop on
                  Large-Scale Parallel KDD Systems},
  Year =	 1999,
  Url =		 {http://www.cs.rpi.edu/~zaki/Workshops/WKDD99/},
  PDF =		 {LSPDM99.pdf},
  KeyWord =	 {Book,ParallelDM},
}

@inproceedings{1999-par-classification,
  Author =	 {Mohammed J. Zaki and Ching-Tien Ho and Rakesh
                  Agrawal},
  Title =	 {Parallel Classification for Data Mining on
                  Shared-Memory Multiprocessors},
  Booktitle =	 {15th IEEE International Conference on Data
                  Engineering},
  Month =	 Mar,
  Year =	 1999,
  Note =	 {See IBM Technical Report RJ10104~\cite{1999-ibmtr}
                  for a more detailed version of this paper},
  PDF =		 {ICDE99.pdf},
  KeyWord =	 {Conference,ParallelDM,Classification},
}

@inproceedings{1999-parspade,
  Author =	 {Mohammed J. Zaki},
  Title =	 {Parallel Sequence Mining on Shared-Memory Machines},
  Booktitle =	 {Workshop on Large-Scale Parallel Data Mining Systems
                  (with KDD)},
  Month =	 Aug,
  Year =	 1999,
  PDF =		 {WPKDD99-pspade.pdf},
  KeyWord =	 {Conference,SequenceMining,ParallelDM},
}

@inproceedings{1999-pdm-ppsc,
  Author =	 {Rakesh Agrawal and Ching-Tien Ho and Leon Pauser and
                  Mohammed J. Zaki},
  Title =	 {Parallel Data Mining on Shared-Memory
                  Multiprocessors},
  Booktitle =	 {9th SIAM Conference on Parallel Processing for
                  Scientific Computing, Minisymposium on
                  High-Performance Data Mining},
  Month =	 Mar,
  Year =	 1999,
  PDF =		 {PPSC99.pdf},
  KeyWord =	 {Conference,ParallelDM},
}

@inproceedings{1999-seq-incremental,
  Author =	 {Srinivasan Parthasarathy and Mohammed J. Zaki and
                  Mitsunori Ogihara and Sandhya Dwarkadas},
  Title =	 {Incremental and Interactive Sequence Mining},
  Booktitle =	 {8th ACM International Conference Information and
                  Knowledge Management},
  Month =	 Nov,
  Year =	 1999,
  PDF =		 {CIKM99.pdf},
  KeyWord =	 {Conference,SequenceMining,OnlineDM},
}

@article{1999-survey:concur,
  Author =	 {Mohammed J. Zaki},
  Title =	 {Parallel and Distributed Association Mining: A
                  Survey},
  Journal =	 {IEEE Concurrency},
  Note =	 {Special issue on Parallel Mechanisms for Data
                  Mining},
  Volume =	 7,
  Number =	 4,
  Pages =	 {14-25},
  Month =	 Dec,
  Year =	 1999,
  PDF =		 {Concurrency99.pdf},
  KeyWord =	 {Journal,ItemsetMining,ParallelDM},
}

@inproceedings{2000-codata,
  Author =	 {Krishna Rajan and Mohammed J. Zaki},
  Title =	 {Data Mining through Information Association: A
                  Knowledge Discovery Tool for Materials Science},
  Booktitle =	 {17th International CODATA Conference},
  Month =	 Oct,
  Year =	 2000,
  PDF =		 {CODATA00.pdf},
  KeyWord =	 {Conference,Materials},
}

@inproceedings{2000-contactmining,
  Author =	 {Mohammed J. Zaki and Shan Jin and Chris Bystroff},
  Title =	 {Mining Residue Contacts in Proteins Using Local
                  Structure Predictions},
  Booktitle =	 {IEEE International Symposium on Bioinformatics and
                  Biomedical Engineering},
  Month =	 Nov,
  Year =	 2000,
  PDF =		 {BIBE00.pdf},
  KeyWord =	 {Conference,Proteins,Biokdd},
}

@inproceedings{2000-cspade,
  Author =	 {Mohammed J. Zaki},
  Title =	 {Sequences Mining in Categorical Domains:
                  Incorporating Constraints},
  Booktitle =	 {9th ACM International Conference on Information and
                  Knowledge Management},
  Month =	 Nov,
  Year =	 2000,
  PDF =		 {CIKM00.pdf},
  KeyWord =	 {Conference,SequenceMining},
}

@incollection{2000-cspade:seqbook,
  Author =	 {Mohammed J. Zaki},
  Title =	 {Sequence Mining in Categorical Domains: Algorithms
                  and Applications},
  Editor =	 {Ron Sun and Lee Giles},
  Booktitle =	 {Sequence Learning: Paradigms, Algorithms, and
                  Applications},
  Series =	 {LNAI State-of-the-Art-Survey},
  Volume =	 1828,
  Pages =	 {162-187},
  Publisher =	 {Springer-Verlag, Heidelberg, Germany},
  Year =	 2000,
  PDF =		 {SLPAA00.pdf},
  KeyWord =	 {Chapter,SequenceMining},
}

@article{2000-eclat:tkde,
  Author =	 {Mohammed J. Zaki},
  Title =	 {Scalable Algorithms for Association Mining},
  Journal =	 {IEEE Transactions on Knowledge and Data Engineering},
  Volume =	 12,
  Number =	 3,
  Pages =	 {372-390},
  Month =	 {May/Jun},
  Year =	 2000,
  Doi =		 {10.1109/69.846291},
  PDF =		 {TKDE00.pdf},
  KeyWord =	 {Journal,ItemsetMining},
}

@article{2000-explor,
  Author =	 {Mohammed J. Zaki and Ching-Tien Ho},
  Title =	 {Workshop Report: Large-Scale Parallel KDD Systems},
  Journal =	 {SIGKDD Explorations},
  Volume =	 1,
  Number =	 2,
  Month =	 Jan,
  Pages =	 {112-114},
  Year =	 2000,
  PDF =		 {KDDExplor00.pdf},
  KeyWord =	 {Journal,ParallelDM},
}

@article{2000-featuremine:is,
  Author =	 {Neal Lesh and Mohammed J. Zaki and Mitsunori
                  Ogihara},
  Title =	 {Scalable Feature Mining for Sequential Data},
  Journal =	 {IEEE Intelligent Systems and their Applications},
  Note =	 {Special issue on Data Mining},
  Volume =	 15,
  Number =	 2,
  Pages =	 {48-56},
  Month =	 {Mar/Apr},
  Year =	 2000,
  PDF =		 {IS00.pdf},
  KeyWord =	 {Journal,SequenceMining},
}

@proceedings{2000-hpdm,
  Author =	 {Mohammed J. Zaki and Vipin Kumar and David
                  Skillicorn},
  Editor =	 {Mohammed J. Zaki and Vipin Kumar and David
                  Skillicorn},
  Title =	 {3rd IPDPS International Workshop on High Performance
                  Data Mining},
  Publisher =	 {Springer LINK
                  (http://www.springerlink.com/content/101nv8cq9yrw/)},
  Pages =	 {348-422},
  Year =	 2000,
  url =		 {http://www.cs.rpi.edu/~zaki/Workshops/HPDM00/},
  PDF =		 {HPDM00.pdf},
  KeyWord =	 {Book,ParallelDM},
}

@proceedings{2000-lsdm,
  Author =	 {Mohammed J. Zaki and Gautam Das},
  Editor =	 {Mohammed J. Zaki and Gautam Das},
  Title =	 {Proceedings of HiPC'00: Special Session on Large
                  Scale Data Mining},
  Publisher =	 {Springer LINK
                  (http://www.springerlink.com/content/phpt72qy0ycw)},
  Pages =	 {525-566},
  Year =	 2000,
  url =		 {http://www.cs.rpi.edu/~zaki/SpecialIssues/LSDM/},
  KeyWord =	 {Book,ParallelDM},
}

@incollection{2000-lspdm-intro,
  Author =	 {Mohammed J. Zaki},
  Title =	 {Parallel and Distributed Data Mining: An
                  Introduction},
  Booktitle =	 {Large-Scale Parallel Data Mining},
  Publisher =	 {Springer-Verlag, Heidelberg, Germany},
  Series =	 {LNCS/LNAI State-of-the-Art Survey},
  Volume =	 1759,
  Year =	 2000,
  PDF =		 {LSPDM00-intro.pdf},
  KeyWord =	 {Chapter,ParallelDM},
}

@incollection{2000-lspdm-pspade,
  Author =	 {Mohammed J. Zaki},
  Title =	 {Parallel sequence mining on {SMP} machines},
  Booktitle =	 {Large-Scale Parallel Data Mining},
  Publisher =	 {Springer-Verlag, Heidelberg, Germany},
  Series =	 {LNCS/LNAI State-of-the-Art Survey},
  Volume =	 1759,
  Year =	 2000,
  PDF =		 {LSPDM00-pspade.pdf},
  KeyWord =	 {Chapter,ParallelDM,SequenceMining},
}

@book{2000-lspdmbook,
  Author =	 {Mohammed J. Zaki and Ching-Tien Ho},
  Booktitle =	 {Large-Scale Parallel Data Mining},
  Title =	 {Large-Scale Parallel Data Mining},
  Publisher =	 {Springer-Verlag, Heidelberg, Germany},
  Series =	 {LNCS/LNAI State-of-the-Art Survey
                  (http://www.springerlink.com/content/dhadtlv2w1yh/)},
  Volume =	 1759,
  Year =	 2000,
  Note =	 {ISBN: 978-3-540-67194-7},
  Url =		 {http://www.cs.rpi.edu/~zaki/Books/lspdmbook.html},
  KeyWord =	 {Book,ParallelDM},
}

@inproceedings{2000-nonredundant,
  Author =	 {Mohammed J. Zaki},
  Title =	 {Generating Non-Redundant Association Rules},
  Booktitle =	 {6th ACM SIGKDD International Conference on Knowledge
                  Discovery and Data Mining},
  Month =	 Aug,
  Year =	 2000,
  PDF =		 {SIGKDD00.pdf},
  KeyWord =	 {Conference,ItemsetMining},
}

@inproceedings{2000-parKDD,
  Author =	 {William A. Maniatty and Mohammed J. Zaki},
  Title =	 {A Requirement Analysis for Parallel KDD Systems},
  Booktitle =	 {3rd IPDPS Workshop on High Performance Data Mining},
  Month =	 May,
  Year =	 2000,
  PDF =		 {HPDM00-parKDD.pdf},
  KeyWord =	 {Conference,ParallelDM},
}

@incollection{2000-parclassification,
  Author =	 {Mohammed J. Zaki and Ching-Tien Ho and Rakesh
                  Agrawal},
  Title =	 {Parallel Classification on Shared-Memory Systems},
  Editor =	 {Hillol Kargupta and Philip Chan},
  Booktitle =	 {Advances in Distributed and Parallel Knowledge
                  Discovery},
  Chapter =	 14,
  Pages =	 {377-407},
  Publisher =	 {AAAI Press, Menlo Park, CA},
  Year =	 2000,
  PDF =		 {ADPKD00-parclassification.pdf},
  KeyWord =	 {Chapter,ParallelDM,Classification},
}

@incollection{2000-pareclat,
  Author =	 {Mohammed J. Zaki},
  Title =	 {Hierarchical Parallel Algorithms for Association
                  Mining},
  Editor =	 {Hillol Kargupta and Philip Chan},
  Booktitle =	 {Advances in Distributed and Parallel Knowledge
                  Discovery},
  Chapter =	 13,
  Pages =	 {339-376},
  Publisher =	 {AAAI Press, Menlo Park, CA},
  Year =	 2000,
  PDF =		 {ADPKD00-pareclat.pdf},
  KeyWord =	 {Chapter,ParallelDM,ItemsetMining},
}

@article{2000-planmine:air,
  Author =	 {Mohammed J. Zaki and Neal Lesh and Mitsunori
                  Ogihara},
  Title =	 {{PLANMINE}: Predicting Plan Failures using Sequence
                  mining},
  Journal =	 {Artificial Intelligence Review},
  Note =	 {Special issue on Applications of Data Mining},
  Volume =	 14,
  Number =	 6,
  Pages =	 {421-446},
  Month =	 Dec,
  Year =	 2000,
  PDF =		 {AIR00.pdf},
  KeyWord =	 {Journal,SequenceMining},
}

@article{2000-scalabledm,
  Author =	 {William A. Maniatty and Mohammed J. Zaki},
  Title =	 {Systems Support for Scalable Data Mining},
  Journal =	 {SIGKDD Explorations},
  Volume =	 2,
  Number =	 2,
  Pages =	 {56-65},
  Month =	 Dec,
  Year =	 2000,
  PDF =		 {SIGKDD00-scalabledm.pdf},
  KeyWord =	 {Journal,ParallelDM},
}

@incollection{2000-seq-incremental,
  Author =	 {Srinivasan Parthasarathy and Mohammed J. Zaki and
                  Mitsunori Ogihara and Sandhya Dwarkadas},
  Title =	 {Sequence Mining in Dynamic and Interactive
                  Environments},
  Editor =	 {Witold Abramowicz and Josef Zurada},
  Booktitle =	 {Knowledge Discovery for Business Information
                  Systems},
  Pages =	 {377-395},
  Publisher =	 {Kluwer Academic Publishers, Boston, MA},
  Year =	 2000,
  PDF =		 {KDBIS00.pdf},
  KeyWord =	 {Chapter,SequenceMining,OnlineDM},
}

@proceedings{2001-biokdd,
  Author =	 {Mohammed J. Zaki and Hannu Toivonen and Jason Wang},
  Editor =	 {Mohammed J. Zaki and Hannu Toivonen and Jason Wang},
  Title =	 {Proceedings of BIOKDD01: ACM SIGKDD International
                  Workshop on Data Mining in Bioinformatics},
  Year =	 2001,
  url =		 {http://www.cs.rpi.edu/~zaki/Workshops/BIOKDD01/},
  KeyWord =	 {Book,Biokdd},
}

@incollection{2001-contactmining,
  Author =	 {Mohammed J. Zaki and Chris Bystroff},
  Title =	 {Mining Residue Contacts in Proteins},
  Booktitle =	 {Data Mining for Scientific and Engineering
                  Applications},
  Editor =	 {R. Grossman and C. Kamath and P. Kegelmeyer and
                  V. Kumar and R. Namburu},
  Pages =	 {141-164},
  Publisher =	 {Kluwer Academic Publishers},
  Address =	 {Boston, MA},
  Year =	 2001,
  PDF =		 {DMSEA01-contactmaps.pdf},
  KeyWord =	 {Chapter,Proteins,Biokdd},
}

@article{2001-explor,
  Author =	 {Mohammed J. Zaki and Hannu Toivonen and Jason Wang},
  Title =	 {BIOKDD01: Workshop on Data Mining in Bioinformatics},
  Journal =	 {SIGKDD Explorations},
  Volume =	 3,
  Number =	 2,
  Month =	 Feb,
  Pages =	 {71-73},
  Year =	 2001,
  PDF =		 {KDDExplor01.pdf},
  KeyWord =	 {Journal,Biokdd},
}

@inproceedings{2001-genmax,
  Author =	 {Karam Gouda and Mohammed J. Zaki},
  Title =	 {Efficiently Mining Maximal Frequent Itemsets},
  Booktitle =	 {1st IEEE International Conference on Data Mining},
  Month =	 Nov,
  Year =	 2001,
  PDF =		 {ICDM01.pdf},
  KeyWord =	 {Conference,ItemsetMining},
}

@inproceedings{2001-logml,
  Author =	 {John Punin and Mukkai Krishnamoorthy and Mohammed
                  J. Zaki},
  Booktitle =	 {ACM WEBKDD Workshop on Mining Log Data Across All
                  Customer TouchPoints (with SIGKDD)},
  Title =	 {{LOGML}: Log markup language for web usage mining},
  Month =	 Aug,
  Year =	 2001,
  PDF =		 {WEBKDD01.pdf},
  KeyWord =	 {Conference,WebMining},
}

@inproceedings{2001-logml:www,
  Author =	 {John Punin and Mukkai Krishnamoorthy and Mohammed
                  J. Zaki},
  Title =	 {{LOGML}: XML language for web usage mining},
  Booktitle =	 {10th International World Wide Web Conference
                  (Poster)},
  Month =	 May,
  Year =	 2001,
  PDF =		 {WWW01.pdf},
  KeyWord =	 {Conference,WebMining},
}

@article{2001-pareclat:kais,
  Author =	 {Srinivasan Parthasarathy and Mohammed J. Zaki and
                  Mitsunori Ogihara and Wei Li},
  Title =	 {Parallel Data Mining for Association Rules on
                  Shared-memory Systems},
  Journal =	 {Knowledge and Information Systems},
  Volume =	 3,
  Number =	 1,
  Pages =	 {1-29},
  Month =	 Feb,
  Year =	 2001,
  Doi =		 {10.1007/PL00011656},
  PDF =		 {KAIS01.pdf},
  KeyWord =	 {Journal,ItemsetMining,ParallelDM},
}

@proceedings{2001-pddm,
  Author =	 {Mohammed J. Zaki and Vipin Kumar and David
                  Skillicorn},
  Editor =	 {Mohammed J. Zaki and Vipin Kumar and David
                  Skillicorn},
  Title =	 {Proceedings of Workshop on Parallel and Distributed
                  Data Mining},
  Year =	 2001,
  url =		 {http://www.cs.rpi.edu/~zaki/Workshops/PDDM01},
  PDF =		 {PDDM01.pdf},
  KeyWord =	 {Book,ParallelDM},
}

@incollection{2001-planmine,
  Author =	 {Mohammed J. Zaki and Neal Lesh and Mitsunori
                  Ogihara},
  Title =	 {Predicting Failures in Event Sequences},
  Editor =	 {R. Grossman and C. Kamath and P. Kegelmeyer and
                  V. Kumar and R. Namburu},
  Pages =	 {141-164},
  Publisher =	 {Kluwer Academic Publishers},
  Address =	 {Boston, MA},
  Year =	 2001,
  PDF =		 {DMSEA01-planmine.pdf},
  KeyWord =	 {Chapter,SequenceMining},
}

@article{2001-pspade:jpdc,
  Author =	 {Mohammed J. Zaki},
  Title =	 {Parallel Sequence Mining on Shared-Memory Machines},
  Journal =	 {Journal of Parallel and Distributed Computing},
  Note =	 {Special issue on High Performance Data Mining},
  Volume =	 61,
  Number =	 3,
  Pages =	 {401-426},
  Month =	 Mar,
  Year =	 2001,
  PDF =		 {JPDC01.pdf},
  KeyWord =	 {Journal,SequenceMining,ParallelDM},
}

@article{2001-spade:mlj,
  Author =	 {Mohammed J. Zaki},
  Title =	 {{SPADE}: An Efficient Algorithm for Mining Frequent
                  Sequences},
  Journal =	 {Machine Learning Journal},
  Note =	 {special issue on Unsupervised Learning},
  Volume =	 42,
  Number =	 {1/2},
  Month =	 {Jan/Feb},
  Pages =	 {31-60},
  Year =	 2001,
  Doi =		 {10.1023/A:1007652502315},
  PDF =		 {MLJ01.pdf},
  KeyWord =	 {Journal,SequenceMining},
}

@inproceedings{2002-admit,
  Author =	 {Karlton Sequeira, Mohammed J. Zaki},
  Title =	 {ADMIT: Anomaly-base Data Mining for Intrusions},
  Booktitle =	 {8th ACM SIGKDD International Conference on Knowledge
                  Discovery and Data Mining},
  Month =	 Jul,
  Year =	 2002,
  PDF =		 {SIGKDD02-admit.pdf},
  KeyWord =	 {Conference,Intrusion,Clustering},
}

@proceedings{2002-biokdd,
  Author =	 {Mohammed J. Zaki and Hannu Toivonen and Jason Wang},
  Editor =	 {Mohammed J. Zaki and Hannu Toivonen and Jason Wang},
  Title =	 {Proceedings of BIOKDD02: ACM SIGKDD International
                  Workshop on Data Mining in Bioinformatics},
  Year =	 2002,
  url =		 {http://www.cs.rpi.edu/~zaki/Workshops/BIOKDD02/},
  KeyWord =	 {Book,Biokdd},
}

@inproceedings{2002-charm,
  Author =	 {Mohammed J. Zaki and Ching-Jui Hsiao},
  Title =	 {{CHARM}: An Efficient Algorithm for Closed Itemset
                  Mining},
  Booktitle =	 {2nd {SIAM} International Conference on Data Mining},
  Month =	 Apr,
  Year =	 2002,
  PDF =		 {SDM02.pdf},
  KeyWord =	 {Conference,ItemsetMining},
}

@inproceedings{2002-clusterability,
  Author =	 {Scott Epter and Mukkai Krishnamoorthy and Mohammed
                  J. Zaki},
  Title =	 {Clusterability Detection and Cluster Initialization},
  Booktitle =	 {{SIAM} Workshop on Clustering High Dimensional Data
                  and its Applications (with SDM)},
  Month =	 Apr,
  Year =	 2002,
  PDF =		 {SDM02-cluster.pdf},
  KeyWord =	 {Conference,Clustering},
}

@inproceedings{2002-contactmap,
  Author =	 {Jingjing Hu and Xiaolan Shen and Yu Shao and Chris
                  Bystroff and Mohammed J. Zaki},
  Title =	 {Mining Protein Contact Maps},
  Booktitle =	 {2nd BIOKDD Workshop on Data Mining in Bioinformatics
                  (with SIGKDD)},
  Month =	 Jul,
  Year =	 2002,
  PDF =		 {BIOKDD02.pdf},
  KeyWord =	 {Conference,Proteins,Biokdd},
}

@inproceedings{2002-dmindexing,
  Author =	 {Ganesh Ramesh and William A. Maniatty and Mohammed
                  J. Zaki},
  Title =	 {Indexing and Data Access Methods for Database
                  Mining},
  Booktitle =	 {7th ACM SIGMOD Workshop on Research Issues in Data
                  Mining and Knowledge Discovery},
  Month =	 May,
  Year =	 2002,
  PDF =		 {DMKDW02.pdf},
  KeyWord =	 {Conference,DataMining,Indexing},
}

@article{2002-dpd,
  Author =	 {Mohammed J. Zaki and Yi Pan},
  Title =	 {Introduction: Recent Developments in Parallel and
                  Distributed Data Mining},
  Journal =	 {Distributed and Parallel Databases: An International
                  Journal},
  Volume =	 11,
  Number =	 2,
  Pages =	 {123-137},
  Month =	 Mar,
  Year =	 2002,
  Doi =		 {10.1023/A:1013918601668},
  PDF =		 {DPD02.pdf},
  KeyWord =	 {Journal,GuestEditor,ParallelDM},
}

@inproceedings{2002-evolving-pkdd,
  Author =	 {Adriano Veloso and Bruno Gusmao and Wagner Meira,
                  Jr. and Marcio Carvalho and Srinivasan Parthasarathy
                  and Mohammed J. Zaki},
  Title =	 {Efficiently Mining Approximate Models of
                  Associations in Evolving Databases},
  Booktitle =	 {6th European Conference on Principles of Knowledge
                  Discovery in Databases},
  Month =	 Aug,
  Year =	 2002,
  PDF =		 {PKDD02.pdf},
  KeyWord =	 {Conference,ItemsetMining,OnlineDM},
}

@inproceedings{2002-evolving-sdm,
  Author =	 {Adriano Veloso and Wagner Meira, Jr. and Marcio
                  Carvalho and Bruno Possas and Srinivasan
                  Parthasarathy and Mohammed J. Zaki},
  Title =	 {Mining Frequent Itemsets in Evolving Databases},
  Booktitle =	 {2nd {SIAM} International Conference on Data Mining},
  Month =	 Apr,
  Year =	 2002,
  PDF =		 {SDM02-evolving.pdf},
  KeyWord =	 {Conference,ItemsetMining,OnlineDM},
}

@article{2002-explor,
  Author =	 {Mohammed J. Zaki and Hannu Toivonen and Jason Wang},
  Title =	 {Recent Advances in Data Mining in Bioinformatics},
  Journal =	 {SIGKDD Explorations},
  Volume =	 4,
  Number =	 2,
  Month =	 Dec,
  Pages =	 {112-114},
  Year =	 2002,
  PDF =		 {KDDExplor02-biokdd.pdf},
  KeyWord =	 {Journal,Biokdd},
}

@article{2002-explor:editorial,
  Author =	 {Mohammed J. Zaki},
  Title =	 {Editorial: Online, Interactive and Anytime Data
                  Mining},
  Journal =	 {SIGKDD Explorations},
  Volume =	 3,
  Number =	 2,
  Month =	 Jan,
  Pages =	 {i-ii},
  Year =	 2002,
  url = {http://www.sigkdd.org/explorations/issue.php?volume=3&issue=2&year=2002&month=01},
  PDF =		 {KDDExplor02-online.pdf},
  KeyWord =	 {Journal,GuestEditor,OnlineDM},
}

@incollection{2002-logml,
  Author =	 {John Punin and Mukkai Krishnamoorthy and Mohammed
                  J. Zaki},
  Title =	 {Web Usage Mining: Languages and Algorithms},
  Editor =	 {M. Schwaiger and O. Opitz},
  Booktitle =	 {Explanatory Data Analysis in Empirical Research},
  Series =	 {Studies in Classification, Data Analysis, and
                  Knowledge Organization},
  Pages =	 {266-281},
  Publisher =	 {Springer-Verlag},
  Year =	 2002,
  PDF =		 {EDAER02.pdf},
  KeyWord =	 {Chapter,WebMining},
}

@inproceedings{2002-recomb,
  Author =	 {Yu Shao and Malik Magdon-Ismail and Daniel Freedman
                  and Srinivas Akella and Mohammed J. Zaki and Chris
                  Bystroff},
  Title =	 {Compression of Protein Conformational Space},
  Booktitle =	 {6th Annual International Conference on Research in
                  Computational Molecular Biology (Poster)},
  Month =	 Apr,
  Year =	 2002,
  PDF =		 {RECOMB02.pdf},
  KeyWord =	 {Conference,Proteins},
}

@inproceedings{2002-treeminer,
  Author =	 {Mohammed J. Zaki},
  Title =	 {Efficiently Mining Frequent Trees in a Forest},
  Booktitle =	 {8th ACM SIGKDD International Conference Knowledge
                  Discovery and Data Mining},
  Annote =	 {Errata: Theorem 1, case I a) should be as follows:
                  If P != {} add (y,j) and (y,n_i) to [Px], where n_i
                  (=n_j) is the depth first number for node
                  (x,i). (Note that n_i is easy to compute. It is
                  simply the number of nodes in prefix P, i.e., length
                  of P, not counting -1s).  Also, in example 4, the
                  second last line should be: ...adding elements (4,0)
                  and (4,2) to the class...},
  Month =	 Jul,
  Year =	 2002,
  PDF =		 {SIGKDD02-tree.pdf},
  KeyWord =	 {Conference,TreeMining},
}

@proceedings{2003-biokdd,
  Author =	 {Mohammed J. Zaki and Hannu Toivonen and Jason Wang},
  Editor =	 {Mohammed J. Zaki and Hannu Toivonen and Jason Wang},
  Title =	 {Proceedings of BIOKDD03: ACM SIGKDD International
                  Workshop on Data Mining in Bioinformatics},
  Year =	 2003,
  url =		 {http://www.cs.rpi.edu/~zaki/Workshops/BIOKDD03/},
  KeyWord =	 {Book,Biokdd},
}

@inproceedings{2003-carpenter,
  Author =	 {Feng Pan and Gao Cong and Anthony K. H. Tung and
                  Jiong Yang and Mohammed J. Zaki},
  Title =	 {{CARPENTER}: Finding Closed Patterns in Long
                  Biological Datasets},
  Booktitle =	 {9th ACM SIGKDD International Conference on Knowledge
                  Discovery and Data Mining},
  Month =	 Aug,
  Year =	 2003,
  PDF =		 {SIGKDD03-carpenter.pdf},
  KeyWord =	 {Conference,GeneExpression,ItemsetMining},
}

@article{2003-contactmining:tsmc,
  Author =	 {Mohammed J. Zaki and Shan Jin and Chris Bystroff},
  Title =	 {Mining Residue Contacts in Proteins Using Local
                  Structure Predictions},
  Journal =	 {IEEE Transactions on Systems, Man and Cybernetics --
                  B},
  Note =	 {special issue on Bioengineering and Bioinformatics},
  Volume =	 33,
  Number =	 5,
  Pages =	 {789-801},
  Month =	 Oct,
  Year =	 2003,
  PDF =		 {TSMC03.pdf},
  KeyWord =	 {Journal,Proteins},
}

@inproceedings{2003-diffsets,
  Author =	 {Mohammed J. Zaki and Karam Gouda},
  Title =	 {Fast Vertical Mining Using {Diffsets}},
  Booktitle =	 {9th ACM SIGKDD International Conference on Knowledge
                  Discovery and Data Mining},
  Month =	 Aug,
  Year =	 2003,
  PDF =		 {SIGKDD03-diffsets.pdf},
  KeyWord =	 {Conference,ItemsetMining},
}

@proceedings{2003-dmkdw,
  Author =	 {Mohammed J. Zaki and Charu C. Aggarwal},
  Editor =	 {Mohammed J. Zaki and Charu C. Aggarwal},
  Title =	 {Proceedings of the 8th ACM SIGMOD Workshop on
                  Research Issues in Data Mining and Knowledge
                  Discovery},
  Month =	 Jun,
  Year =	 2003,
  Note =	 {also as RPI Technical Report 03-05},
  url =		 {http://www.cs.rpi.edu/~zaki/Workshops/DMKD03/},
  PDF =		 {DMKDW03.pdf},
  KeyWord =	 {Book,DataMining},
}

@article{2003-explor,
  Author =	 {Mohammed J. Zaki and Hannu Toivonen and Jason Wang},
  Title =	 {Data Mining in Bioinformatics: Report on BIOKDD'03},
  Journal =	 {SIGKDD Explorations},
  Volume =	 5,
  Number =	 2,
  Month =	 Dec,
  Pages =	 {119-120},
  Year =	 2003,
  PDF =		 {KDDExplor03.pdf},
  KeyWord =	 {Journal,Biokdd},
}

@inproceedings{2003-filesys,
  Author =	 {Bouchra Bouqata and Chris Carothers and Boleslaw
                  K. Szymanski and Mohammed J. Zaki},
  Title =	 {Understading Filesystem Performance for Data Mining
                  Applications},
  Booktitle =	 {6th International Workshop on High Performance Data
                  Mining: Pervasive and Data Stream Mining (with SDM)},
  Month =	 Aug,
  Year =	 2003,
  PDF =		 {HPDM03.pdf},
  KeyWord =	 {Conference,DataMining},
}

@proceedings{2003-fimi,
  Author =	 {Bart Goethals and Mohammed J. Zaki},
  Editor =	 {Bart Goethals and Mohammed J. Zaki},
  Title =	 {Proceedings of the 1st IEEE ICDM Workshop on
                  Frequent Itemset Mining Implementations},
  Year =	 2003,
  Publisher =	 {CEUR Workshop Proceedings},
  url =
                  {http://sunsite.informatik.rwth-aachen.de/Publications/CEUR-WS/Vol-90/},
  Note =	 {Also as RPI Technical Report 03-04},
  PDF =		 {FIMI03-TR03-14.pdf},
  KeyWord =	 {Book,ItemsetMining},
}

@article{2003-geneexpression,
  Author =	 {Vinay Nadimpally and Mohammed J. Zaki},
  Title =	 {A Novel Approach to Determine Normal Variation in
                  Gene Expression Data},
  Journal =	 {SIGKDD Explorations},
  Note =	 {special issue on Microarray Data Analysis},
  Volume =	 5,
  Number =	 2,
  Pages =	 {4-13},
  Month =	 Dec,
  Year =	 2003,
  PDF =		 {SIGKDD03-geneexpression.pdf},
  KeyWord =	 {Journal,GeneExpression},
}

@incollection{2003-hdm,
  Author =	 {Mohammed J. Zaki},
  Title =	 {Mining Data in Bioinformatics},
  Editor =	 {Nong Ye},
  Booktitle =	 {Handbook of Data Mining},
  Pages =	 {573-596},
  Publisher =	 {Lawrence Earlbaum Associates},
  Year =	 2003,
  PDF =		 {HDM03.pdf},
  KeyWord =	 {Chapter,Biokdd},
}

@inproceedings{2003-hpdm,
  Author =	 {Adriano Veloso and Wagner Meira, Jr. and Marcio
                  Carvalho and Srinivasan Parthasarathy and Mohammed
                  J. Zaki},
  Title =	 {Incremental and Interactive Mining for Frequent
                  Itemsets in Evolving Databases},
  Booktitle =	 {6th International Workshop on High Performance Data
                  Mining: Pervasive and Data Stream Mining},
  Month =	 May,
  Year =	 2003,
  PDF =		 {HPDM03-evolving.pdf},
  KeyWord =	 {Conference,ItemsetMining,OnlineDM},
}

@article{2003-is,
  Author =	 {Mohammed J. Zaki and Jason T.L. Wang},
  Title =	 {Editorial: Data Management in Bioinformatics},
  Journal =	 {Information Systems: An International Journal},
  Volume =	 28,
  Number =	 4,
  Pages =	 {241-242},
  Month =	 Jun,
  Year =	 2003,
  PDF =		 {IS03.pdf},
  KeyWord =	 {Journal,GuestEditor,Biokdd},
}

@inproceedings{2003-locality,
  Author =	 {Karlton Sequeira and Mohammed J. Zaki and Boleslaw
                  Szymanski},
  Title =	 {Improving Spatial Locality using Data Mining},
  Booktitle =	 {9th ACM SIGKDD International Conference on Knowledge
                  Discovery and Data Mining},
  Month =	 Aug,
  Year =	 2003,
  PDF =		 {SIGKDD03-spatial.pdf},
  KeyWord =	 {Conference,DataMining,Systems},
}

@techreport{2003-mirage,
  Author =	 {Mohammed J. Zaki and Benjarath Phoophakdee},
  Title =	 {{MIRAGE}: A Framework for Mining, Exploring and
                  Visualizing Minimal Association Rules},
  Institution =	 {Computer Science Department, Rensselaer Polytechnic
                  Institute},
  Number =	 {03-4},
  Month =	 Jul,
  Year =	 2003,
  PDF =		 {TR03-04.pdf},
  KeyWord =	 {TechReport,ItemsetMining},
}

@inproceedings{2003-pods,
  Author =	 {Ganesh Ramesh and William A. Maniatty and Mohammed
                  J. Zaki},
  Title =	 {Feasible Itemset Distributions in Data Mining:
                  Theory and Application},
  Booktitle =	 {22nd {ACM SIGACT-SIGMOD-SIGART} Symposium on
                  Principles of Database Systems},
  Month =	 Jun,
  Year =	 2003,
  PDF =		 {PODS03.pdf},
  KeyWord =	 {Conference,ItemsetMining},
}

@inproceedings{2003-vwm,
  Author =	 {Amir H. Youssefi and David J. Duke and Ephraim P.
                  Glinert, and Mohammed J. Zaki},
  Title =	 {Towards Visual Web Mining},
  Booktitle =	 {3rd International Workshop on Visual Data Mining
                  (with ICDM)},
  Month =	 Nov,
  Year =	 2003,
  PDF =		 {VDM03.pdf},
  KeyWord =	 {Conference,WebMining},
}

@inproceedings{2003-xrules,
  Author =	 {Mohammed J. Zaki and Charu C. Aggarwal},
  Title =	 {Xrules: An effective structural classifier for XML
                  data},
  Booktitle =	 {9th ACM SIGKDD International Conference Knowledge
                  Discovery and Data Mining},
  Month =	 Aug,
  Year =	 2003,
  PDF =		 {SIGKDD03-xrules.pdf},
  KeyWord =	 {Conference,TreeMining,Classification},
}

@proceedings{2004-biokdd,
  Author =	 {Mohammed J. Zaki and Shinichi Morishita and Isidore
                  Rigoutsos},
  Editor =	 {Mohammed J. Zaki and Shinichi Morishita and Isidore
                  Rigoutsos},
  Title =	 {Proceedings of BIOKDD04: ACM SIGKDD International
                  Workshop on Data Mining in Bioinformatics},
  Year =	 2004,
  url =		 {http://www.cs.rpi.edu/~zaki/Workshops/BIOKDD04/},
  PDF =		 {BIOKDD04.pdf},
  KeyWord =	 {Book,Biokdd},
}

@incollection{2004-contactmaps,
  Author =	 {Mohammed J. Zaki and Jingjing Hu and Chris Bystroff},
  Title =	 {Methods for Mining Protein Contact Maps},
  Editor =	 {H. Kargupta, A. Joshi, K. Sivakumar and Y. Yesha},
  Booktitle =	 {Data Mining: Next Generation Challenges and Future
                  Directions},
  Chapter =	 16,
  Pages =	 {291-314},
  Publisher =	 {AAAI/MIT Press},
  Year =	 2004,
  PDF =		 {NGDM04.pdf},
  KeyWord =	 {Chapter,Proteins,Biokdd},
}

@article{2004-explor:biokdd,
  Author =	 {Mohammed J. Zaki and Shinichi Morishita and Isidore
                  Rigoutsos},
  Title =	 {Report on BIOKDD04: Workshop on Data Mining in
                  Bioinformatics},
  Journal =	 {SIGKDD Explorations},
  Volume =	 6,
  Number =	 2,
  Month =	 Dec,
  Pages =	 {153-154},
  Year =	 2004,
  PDF =		 {KDDExplor04-biokdd.pdf},
  KeyWord =	 {Journal,Biokdd},
}

@article{2004-explor:fimi,
  Author =	 {Bart Goethals and Mohammed J. Zaki},
  Title =	 {Advances in Frequent Itemset Mining Implementations:
                  report on {FIMI'03}},
  Journal =	 {SIGKDD Explorations},
  Volume =	 6,
  Number =	 1,
  Pages =	 {109-117},
  Month =	 Jun,
  Year =	 2004,
  PDF =		 {KDDExplor04-fimi.pdf},
  KeyWord =	 {Journal,ItemsetMining},
}

@proceedings{2004-fimi,
  Author =	 {Roberto Bayardo and Bart Goethals and Mohammed J
                  Zaki},
  Editor =	 {Roberto Bayardo and Bart Goethals and Mohammed J
                  Zaki},
  Title =	 {Proceedings of the 2nd IEEE ICDM Workshop on
                  Frequent Itemset Mining Implementations},
  Year =	 2004,
  Publisher =	 {CEUR Workshop Proceedings},
  url =
                  {http://sunsite.informatik.rwth-aachen.de/Publications/CEUR-WS/Vol-126/},
  PDF =		 {FIMI04.pdf},
  KeyWord =	 {Book,ItemsetMining},
}

@incollection{2004-hcibook,
  Author =	 {Mohammed J. Zaki},
  Title =	 {Data Mining},
  Editor =	 {William S. Bainbridge},
  Booktitle =	 {The Encyclopedia of Human-Computer Interaction},
  Pages =	 {149-152},
  Publisher =	 {Berkshire Publishing Group},
  Year =	 2004,
  PDF =		 {EHCI04.pdf},
  KeyWord =	 {Chapter,DataMining},
}

@inproceedings{2004-latin,
  Author =	 {Lane Hemaspaandra and Mitsunori Ogihara and Mohammed
                  J. Zaki and Marius Zimand},
  Title =	 {The Complexity of Finding Top-Toda-Equivalence-Class
                  Members},
  Booktitle =	 {Latin American Theoretical Informatics Conference},
  Month =	 Apr,
  Year =	 2004,
  PDF =		 {LATIN04.pdf},
  KeyWord =	 {Conference,Theory},
}

@article{2004-nonredundant:dmkd,
  Author =	 {Mohammed J. Zaki},
  Title =	 {Mining Non-Redundant Association Rules},
  Journal =	 {Data Mining and Knowledge Discovery: An
                  International Journal},
  Volume =	 9,
  Number =	 3,
  Pages =	 {223-248},
  Month =	 Nov,
  Year =	 2004,
  PDF =		 {DMKD04.pdf},
  KeyWord =	 {Journal,ItemsetMining},
}

@article{2004-pathways:bioinfo,
  Author =	 {Mohammed J. Zaki and Vinay Nadimpally and Deb
                  Bardhan and Chris Bystroff},
  Title =	 {Predicting protein folding pathways},
  Journal =	 {Bioinformatics},
  Note =	 {Supplement on the Proceedings of the 12th
                  International Conference on Intelligent Systems for
                  Molecular Biology},
  Volume =	 20,
  Number =	 1,
  Pages =	 {i386--i393},
  Month =	 Aug,
  Year =	 2004,
  Pmid = 15262824,
  PDF =		 {Bioinfo04.pdf},
  KeyWord =	 {Journal,Proteins},
}

@incollection{2004-pgkd,
  Author =	 {Mohammed J. Zaki and Limsoon Wong},
  Title =	 {Data Mining Techniques},
  Editor =	 {Limsoon Wong and Louxin Zhang},
  Booktitle =	 {Selected Topics in Post-Genome Knowledge Discovery},
  Pages =	 {125-163},
  Publisher =	 {World Scientific Publishers},
  Year =	 2004,
  PDF =		 {PGKD04.pdf},
  KeyWord =	 {Chapter,DataMining,Biokdd},
}

@inproceedings{2004-schism,
  Author =	 {Karlton Sequeira and Mohammed J. Zaki},
  Title =	 {{SCHISM}: A New Approach for Interesting Subspace
                  Mining},
  Booktitle =	 {4th IEEE International Conference on Data Mining},
  Month =	 Nov,
  Year =	 2004,
  PDF =		 {ICDM04.pdf},
  KeyWord =	 {Conference,Clustering},
}

@inproceedings{2004-vwm,
  Author =	 {Amir H. Youssefi and David J. Duke and Mohammed
                  J. Zaki},
  Title =	 {Visual Web Mining},
  Booktitle =	 {13th International World Wide Web Conference
                  (Poster)},
  Year =	 2004,
  Month =	 May,
  PDF =		 {WWW04.pdf},
  KeyWord =	 {Conference,WebMining},
}

@Proceedings{2005-bdme,
  Author =	 {Shunsuke Uemura and Akifumi Makinouchi and Mohammed
                  J. Zaki},
  Editor =	 {Shunsuke Uemura and Akifumi Makinouchi and Mohammed
                  J. Zaki},
  Title =	 {Proceedings of the IEEE International Workshop on
                  Biomedical Data Engineering (BDME:with ICDE)},
  Publisher =	 {IEEE Xplore Digital Library},
  Month =	 Apr,
  Year =	 2005,
  Url =
                  {http://ieeexplore.ieee.org/xpl/tocresult.jsp?isnumber=34556&isYear=2005},
  KeyWord =	 {Book,Biokdd},
}

@proceedings{2005-biokdd,
  Author =	 {Srinivasan Parthasarathy and Wei Wang and Mohammed J. Zaki},
  Editor =	 {Srinivasan Parthasarathy and Wei Wang and Mohammed J. Zaki},
  Title =	 {Proceedings of BIOKDD05: ACM SIGKDD International
                  Workshop on Data Mining in Bioinformatics},
  Year =	 2005,
  Publisher =	 {ACM Digital Library
                  (http://portal.acm.org/toc.cfm?id=1134030)},
  Note =	 {ISBN:1-59593-213-5},
  url =		 {http://www.cs.rpi.edu/~zaki/Workshops/BIOKDD05/},
  PDF =		 {BIOKDD05.pdf},
  KeyWord =	 {Book,Biokdd},
}

@article{2005-charm:tkde,
  Author =	 {Mohammed J. Zaki and Ching-Jui Hsiao},
  Title =	 {Efficient Algorithms for Mining Closed Itemsets and
                  their Lattice Structure},
  Journal =	 {IEEE Transactions on Knowledge and Data Engineering},
  Volume =	 17,
  Number =	 4,
  Pages =	 {462-478},
  Month =	 Apr,
  Year =	 2005,
  Doi =		 {10.1109/69.846291},
  PDF =		 {TKDE05-charm.pdf},
  KeyWord =	 {Journal,ItemsetMining},
}

@inproceedings{2005-clicks,
  Author =	 {Mohammed Zaki and Markus Peters and Ira Assent and
                  Thomas Seidl},
  Title =	 {{CLICKS}: An Effective Algorithm for Mining Subspace
                  Clusters in Categorical Datasets},
  Booktitle =	 {11th ACM SIGKDD International Conference onKnowledge
                  Discovery and Data Mining},
  Month =	 Aug,
  Year =	 2005,
  PDF =		 {SIGKDD05-clicks.pdf},
  KeyWord =	 {Conference,Clustering},
}

@inproceedings{2005-clicks:icde,
  Author =	 {Markus Peters and Mohammed Zaki},
  Title =	 {{CLICKS}: clustering categorical data using
                  K-partite maximal cliques},
  Booktitle =	 {21st IEEE International Conference on Data
                  Engineering},
  Month =	 Apr,
  Year =	 2005,
  PDF =		 {ICDE05.pdf},
  KeyWord =	 {Conference,Clustering},
}

@book{2005-dmbbook,
  Author =	 {Jason T. L. Wang and Mohammed J. Zaki and Hannu
                  T. T. Toivonen and Dennis Shasha},
  Editor =	 {Jason T. L. Wang and Mohammed J. Zaki and Hannu
                  T. T. Toivonen and Dennis Shasha},
  Title =	 {Data Mining in Bioinformatics},
  Publisher =	 {Springer-Verlag London, UK
                  (http://www.springer.com/978-1-85233-671-4)},
  Year =	 2005,
  url =		 {http://www.cs.rpi.edu/~zaki/Books/biokdd-book/},
  KeyWord =	 {Book,Biokdd},
}

@incollection{2005-dmtl-cbm,
  Author =	 {Mohammed J. Zaki and Nilanjana De and Feng Gao and
                  Paolo Palmerini and Nagender Parimi and Jeevan
                  Pathuri and Benjarath Phoophakdee and Joe Urban},
  Title =	 {Generic Pattern Mining via Data Mining Template
                  Library},
  Editor =	 {Jean-Francois Boulicaut, Luc De Raedt, Heikki
                  Mannila},
  Booktitle =	 {Constraint-Based Mining},
  Series =	 {LNAI State-of-the-Art Survey},
  Volume =	 3848,
  Pages =	 {362-279},
  Publisher =	 {Springer-Verlag},
  Year =	 2005,
  PDF =		 {CBM05.pdf},
  KeyWord =
                  {Chapter,DataMining,GraphMining,SequenceMining,ItemsetMining},
}

@inproceedings{2005-dmtl-icfca,
  Author =	 {Mohammed J. Zaki and Nagender Parimi and Nilanjana
                  De and Feng Gao and Benjarath Phoophakdee and Joe
                  Urban and Vineet Chaoji and Mohammad Al Hasan and
                  Saeed Salem},
  Title =	 {Towards Generic Pattern Mining (Invited Paper)},
  Booktitle =	 {International Conference on Formal Concept Analysis},
  Month =	 Feb,
  Year =	 2005,
  PDF =		 {ICFCA05.pdf},
  KeyWord =	 {Conference,DataMining},
}

@inproceedings{2005-dmtl-lcsd,
  Author =	 {Mohammad Al Hasan and Vineet Chaoji and Saeed Salem
                  and Nagender Parimi and Mohammed J. Zaki},
  Title =	 {{DMTL}: A Generic Data Mining Template Library},
  Booktitle =	 {Workshop on Library-Centric Software Design (with
                  OOPSLA)},
  Month =	 Oct,
  Year =	 2005,
  PDF =		 {LCSD05.pdf},
  KeyWord =
                  {Conference,DataMining,GraphMining,SequenceMining,ItemsetMining},
}

@inproceedings{2005-dmtl-premi,
  Author =	 {Mohammed J. Zaki and Nilanjana De and Feng Gao and
                  Nagender Parimi and Benjarath Phoophakdee and Joe
                  Urban and Vineet Chaoji and Mohammad Al Hasan and
                  Saeed Salem},
  Title =	 {Towards Generic Pattern Mining (Extended Abstract)},
  Booktitle =	 {1st International Conference on Pattern Recognition
                  and Machine Intelligence},
  Month =	 Dec,
  Year =	 2005,
  PDF =		 {PREMI05.pdf},
  KeyWord =	 {Conference,DataMining},
}

@article{2005-explor-biokdd,
  Author =	 {Srinivasan Parthasarathy and Wei Wang and Mohammed J
                  Zaki},
  Title =	 {BIOKDD 2005 Workshop Report},
  Journal =	 {SIGKDD Explorations},
  Volume =	 7,
  Number =	 2,
  Month =	 Dec,
  Pages =	 {129-131},
  Year =	 2005,
  PDF =		 {KDDExplor05-biokdd.pdf},
  KeyWord =	 {Journal,Biokdd},
}

@article{2005-explor-osdm,
  Author =	 {Bart Goethals and Siegfried Nijssen and Mohammed J
                  Zaki},
  Title =	 {Open Source Data Mining: Workshop Report},
  Journal =	 {SIGKDD Explorations},
  Volume =	 7,
  Number =	 2,
  Month =	 Dec,
  Pages =	 {143-144},
  Year =	 2005,
  PDF =		 {KDDExplor05-osdm.pdf},
  KeyWord =	 {Journal,ItemsetMining},
}

@article{2005-genmax:dmkd,
  Author =	 {Karam Gouda and Mohammed J. Zaki},
  Title =	 {GenMax: An Efficient Algorithm for Mining Maximal
                  Frequent Itemsets},
  Journal =	 {Data Mining and Knowledge Discovery: An
                  International Journal},
  Volume =	 11,
  Number =	 3,
  Pages =	 {223-242},
  Month =	 Nov,
  Year =	 2005,
  Doi =		 {10.1007/s10618-005-0002-x},
  PDF =		 {DMKD05.pdf},
  KeyWord =	 {Journal,ItemsetMining},
}

@inproceedings{2005-ideas,
  Author =	 {Ganesh Ramesh and Mohammed J. Zaki and William
                  A. Maniatty},
  Title =	 {Distribution-Based Synthetic Database Generation
                  Techniques for Itemset Mining},
  Booktitle =	 {9th International Database Engineering and
                  Applications Symposium},
  Month =	 Jul,
  Year =	 2005,
  PDF =		 {IDEAS05.pdf},
  KeyWord =	 {Conference,ItemsetMining},
}

@incollection{2005-maxclosed,
  Author =	 {Mohammed J. Zaki},
  Title =	 {Mining Maximal and Closed Frequent Itemsets},
  Editor =	 {Mehmet Kantardzic and Jozef Zurada},
  Booktitle =	 {New Generation of Data Mining Applications},
  Chapter =	 23,
  Pages =	 {571-598},
  Publisher =	 {IEEE/Wiley Press},
  Year =	 2005,
  PDF =		 {NGDMA05.pdf},
  KeyWord =	 {Chapter,ItemsetMining},
}

@article{2005-microcluster:is,
  Author =	 {Lizhuang Zhao and Mohammed J. Zaki},
  Title =	 {MicroCluster: An Efficient Deterministic
                  Biclustering Algorithm for Microarray Data},
  Journal =	 {IEEE Intelligent Systems},
  Note =	 {special issue on Data Mining for Bioinformatics},
  Volume =	 20,
  Number =	 6,
  Pages =	 {40-49},
  Month =	 {Nov/Dec},
  Year =	 2005,
  PDF =		 {IS05.pdf},
  KeyWord =	 {Journal,GeneExpression},
}

@proceedings{2005-osdm,
  Author =	 {Bart Goethals and Siegfried Nijssen and Mohammed J
                  Zaki},
  Editor =	 {Bart Goethals and Siegfried Nijssen and Mohammed J
                  Zaki},
  Title =	 {Proceedings of the 1st ACM SIGKDD International
                  workshop on open source data mining: frequent
                  pattern mining implementations},
  Year =	 2005,
  Publisher =	 {ACM Digital Library
                  (http://portal.acm.org/toc.cfm?id=1133905)},
  Note =	 {ISBN:1-59593-210-0},
  url =		 {http://www.cs.rpi.edu/~zaki/Workshops/OSDM05},
  PDF =		 {OSDM05.pdf},
  KeyWord =	 {Book,ItemsetMining},
}

@incollection{2005-pathways,
  Author =	 {Mohammed J. Zaki and Vinay Nadimpally and Deb
                  Bardhan and Chris Bystroff},
  Title =	 {Predicting Protein Folding Pathways},
  Editor =	 {Jason Wang and Mohammed Zaki and Hannu Toivonen and
                  Dennis Shasha},
  Booktitle =	 {Data Mining in Bioinformatics},
  Pages =	 {127-141},
  Publisher =	 {Springer-Verlag London Ltd.},
  Year =	 2005,
  PDF =		 {DMB05.pdf},
  KeyWord =	 {Chapter,Proteins},
}

@inproceedings{2005-psist,
  Author =	 {Feng Gao and Mohammed J. Zaki},
  Title =	 {{PSIST}: Indexing Protein Structures using Suffix
                  Trees},
  Booktitle =	 {IEEE Computational Systems Bioinformatics
                  Conference},
  Month =	 Aug,
  Year =	 2005,
  Pmid = 16447979,
  PDF =		 {CSB05.pdf},
  KeyWord =	 {Conference,Proteins,SuffixTree,Indexing},
}

@inproceedings{2005-redescription,
  Author =	 {Mohammed J. Zaki and Naren Ramakrishnan},
  Title =	 {Reasoning about Sets using Redescription Mining},
  Booktitle =	 {11th ACM SIGKDD International Conference on
                  Knowledge Discovery and Data Mining},
  Month =	 Aug,
  Year =	 2005,
  PDF =		 {SIGKDD05-redesc.pdf},
  KeyWord =	 {Conference,ItemsetMining},
}

@article{2005-schism:ijbidm,
  Author =	 {Karlton Sequeira and Mohammed J. Zaki},
  Title =	 {{SCHISM}: A New Approach to Interesting Subspace
                  Mining},
  Journal =	 {International Journal of Business Intelligence and
                  Data Mining},
  Volume =	 1,
  Number =	 2,
  Pages =	 {137-160},
  Year =	 2005,
  Doi =		 {10.1504/IJBIDM.2005.008360},
  PDF =		 {IJBIDM05.pdf},
  KeyWord =	 {Journal,Clustering},
}

@article{2005-sleuth:fi,
  Author =	 {Mohammed J. Zaki},
  Title =	 {Efficiently Mining Frequent Embedded Unordered
                  Trees},
  Journal =	 {Fundamenta Informaticae},
  Note =	 {special issue on Advances in Mining Graphs, Trees
                  and Sequences},
  Volume =	 66,
  Number =	 {1-2},
  Pages =	 {33-52},
  Month =	 {Mar/Apr},
  Year =	 2005,
  PDF =		 {FI05.pdf},
  KeyWord =	 {Journal,TreeMining},
}

@article{2005-treeminer:tkde,
  Author =	 {Mohammed J. Zaki},
  Title =	 {Efficiently Mining Frequent Trees in a Forest:
                  Algorithms and Applications},
  Journal =	 {IEEE Transactions on Knowledge and Data Engineering},
  Note =	 {special issue on Mining Biological Data},
  Volume =	 17,
  Number =	 8,
  Pages =	 {1021-1035},
  Month =	 Aug,
  Year =	 2005,
  Doi =		 {10.1109/TKDE.2005.125},
  PDF =		 {TKDE05-treeminer.pdf},
  KeyWord =	 {Journal,TreeMining},
}

@inproceedings{2005-tricluster,
  Author =	 {Lizhuang Zhao and Mohammed J. Zaki},
  Booktitle =	 {ACM SIGMOD Conference on Management of Data},
  Title =	 {{TriCluster}: An Effective Algorithm for Mining
                  Coherent Clusters in 3D Microarray Data},
  Month =	 Jun,
  Year =	 2005,
  PDF =		 {SIGMOD05.pdf},
  KeyWord =	 {Conference,Clustering,GeneExpression},
}

@article{2006-DMKD,
  Author =	 {Shichao Zhang and Mohammed J. Zaki},
  Title =	 {Editorial: Mining Multiple Data Sources: Local
                  Pattern Analysis},
  Journal =	 {Data Mining and Knowledge Discovery: An
                  International Journal},
  Volume =	 12,
  Number =	 {2-3},
  Pages =	 {121-125},
  Month =	 May,
  Year =	 2006,
  Doi =		 {10.1007/s10618-006-0041-y},
  PDF =		 {DMKD06.pdf},
  KeyWord =	 {Journal,GuestEditor,DataMining},
}

@proceedings{2006-biokdd,
  Author =	 {Mohammed J. Zaki and George Karypis and Jiong Yang},
  Editor =	 {Mohammed J. Zaki and George Karypis and Jiong Yang},
  Title =	 {Proceedings of BIOKDD06: ACM SIGKDD Workshop on Data
                  Mining in Bioinformatics},
  Year =	 2006,
  url =		 {http://www.cs.rpi.edu/~zaki/Workshops/BIOKDD06/},
  PDF =		 {BIOKDD06-proceedings.pdf},
  KeyWord =	 {Book,Biokdd},
}

@inproceedings{2006-blosom,
  Author =	 {Lizhuang Zhao and Mohammed J. Zaki and Naren
                  Ramakrishnan},
  Title =	 {BLOSOM: A Framework for Mining Arbitrary Boolean
                  Expressions},
  Booktitle =	 {12th ACM SIGKDD International Conference on
                  Knowledge Discovery and Data Mining},
  Month =	 Aug,
  Year =	 2006,
  PDF =		 {SIGKDD06.pdf},
  KeyWord =	 {Conference,ItemsetMining,GeneExpression},
}

@inproceedings{2006-exmotif,
  Author =	 {Yongqiang Zhang and Mohammed J. Zaki},
  Title =	 {ExMotif: Efficient structured motif extraction},
  Booktitle =	 {6th SIGKDD Workshop on Data Mining in
                  Bioinformatics},
  Month =	 Aug,
  Year =	 2006,
  PDF =		 {BIOKDD06-exmotif.pdf},
  KeyWord =	 {Conference,Bioseq,Biokdd},
}

@article{2006-exmotif:amb,
  Author =	 {Yongqiang Zhang and Mohammed J. Zaki},
  Title =	 {EXMOTIF: efficient structured motif extraction},
  Journal =	 {Algorithms for molecular biology},
  Volume =	 1,
  Number =	 21,
  Month =	 Nov,
  Year =	 2006,
  Pmid = 17109757,
  Doi =		 {10.1186/1748-7188-1-21},
  url =		 {http://www.almob.org/content/1/1/21},
  PDF =		 {AMB06-exmotif.pdf},
  KeyWord =	 {Journal,Bioseq,SequenceMining},
}

@article{2006-explor,
  Author =	 {Mohammed J. Zaki and George Karypis and Jiong Yang},
  Title =	 {BIOKDD06: Data Mining in Bioinformatics},
  Journal =	 {SIGKDD Explorations},
  Volume =	 8,
  Number =	 2,
  Month =	 Dec,
  Pages =	 78,
  Year =	 2006,
  PDF =		 {KDDExplor06.pdf},
  KeyWord =	 {Journal,Biokdd},
}

@incollection{2006-hcmb,
  Author =	 {Mohammed J. Zaki and Karlton Sequeira},
  Title =	 {Data Mining in Computational Biology},
  Editor =	 {Srinivas Aluru},
  Booktitle =	 {Handbook of Computational Molecular Biology},
  Series =	 {Computer and Information Science Series},
  Chapter =	 38,
  Pages =	 {38/1-38/26},
  Publisher =	 {Chapman \& Hall/CRC Press},
  Year =	 2006,
  PDF =		 {HCMB06.pdf},
  KeyWord =	 {Chapter,Biokdd},
}

@inproceedings{2006-isi,
  Author =	 {Jeffery Baumes and Mark Goldberg and Mykola
                  Hayvanovych and Malik Magdon-Ismail and William
                  Wallace and Mohammed J. Zaki},
  Title =	 {Finding Hidden Group Structure in a Stream of
                  Communications},
  Booktitle =	 {IEEE International Conference on Intelligence and
                  Security Informatics},
  Note =	 {Honorable Mention for Best Paper Award},
  Month =	 May,
  Year =	 2006,
  PDF =		 {ISI06.pdf},
  KeyWord =	 {Conference,GraphMining},
}

@article{2006-kddpanel,
  title =	 {{What are the grand challenges for data mining?:
                  KDD-2006 panel report}},
  author =	 {Gregory Piatetsky-Shapiro and Chabane Djeraba and
                  Lise Getoor and Robert Grossman and Ronen Feldman
                  and Mohammed J. Zaki},
  journal =	 {SIGKDD Explorations},
  volume =	 8,
  number =	 2,
  pages =	 {70-77},
  Month =	 Dec,
  year =	 2006,
  PDF =		 {SIGKDD06-kddpanel.pdf},
  KeyWord =	 {Journal,DataMining},
}

@book{2006-kdxml,
  Author =	 {Richi Nayak and Mohammed J. Zaki},
  Editor =	 {Richi Nayak and Mohammed J. Zaki},
  Title =	 {Knowledge Discovery from XML Documents},
  Series =	 {Lecture Notes in Computer Science},
  Volume =	 3915,
  Publisher =	 {Spring-Verlag},
  Year =	 2006,
  Note =	 {ISBN: 3-540-33180-8},
  url =		 {http://www.springerlink.com/content/l35p30431757/},
  KeyWord =	 {Book,DataMining},
}

@inproceedings{2006-lac,
  Author =	 {Adriano Veloso and Wagner Meira, Jr. and Mohammed
                  J. Zaki},
  Title =	 {{Lazy Associative Classification}},
  Booktitle =	 {6th IEEE International Conference on Data Mining},
  Month =	 Dec,
  Year =	 2006,
  PDF =		 {ICDM06.pdf},
  KeyWord =	 {Conference,ItemsetMining,Classification},
}

@inproceedings{2006-lac-multievidence,
  Author =	 {Adriano Veloso and Wagner Meira, Jr. and Marco
                  Cristo and Marcos Golcalves and Mohammed J. Zaki},
  Title =	 {Multi-Evidence, Multi-Criteria, Lazy Associative
                  Document Classification},
  Booktitle =	 {15th ACM International Conference on Information and
                  Knowledge Management},
  Month =	 Nov,
  Year =	 2006,
  PDF =		 {CIKM06.pdf},
  KeyWord =	 {Conference,ItemsetMining,Classification},
}

@inproceedings{2006-linkprediction,
  Author =	 {Mohammad Al Hasan and Vineet Chaoji and Saeed Salem
                  and Mohammed J. Zaki},
  Title =	 {Link Prediction using Supervised Learning},
  Booktitle =	 {Workshop on Link Analysis, Counter-terrorism and
                  Security (with SDM)},
  Month =	 Apr,
  Year =	 2006,
  PDF =		 {LINK06.pdf},
  KeyWord =	 {Conference,Classification,GraphMining},
}

@article{2006-smotif:amb,
  Author =	 {Yongqiang Zhang and Mohammed J. Zaki},
  Title =	 {SMOTIF: efficient structured pattern and profile
                  motif search},
  Journal =	 {Algorithms for molecular biology},
  Volume =	 1,
  Number =	 22,
  Month =	 Nov,
  Year =	 2006,
  Pmid = 17118189,
  Doi =		 {10.1186/1748-7188-1-22},
  url =		 {http://www.almob.org/content/1/1/22},
  PDF =		 {AMB06-smotif.pdf},
  KeyWord =	 {Journal,Bioseq},
}

@article{2006-toda:tcs,
  Author =	 {Lane Hemaspaandra and Mitsunori Ogihara and Mohammed
                  J. Zaki and Marius Zimand},
  Title =	 {The Complexity of Finding Top-Toda-Equivalence-Class
                  Members},
  Booktitle =	 {Theory of Computing Systems},
  Volume =	 39,
  Number =	 5,
  Pages =	 {669-684},
  Month =	 Sep,
  Year =	 2006,
  Doi =		 {10.1007/s00224-005-1211-9},
  PDF =		 {TCS06.pdf},
  KeyWord =	 {Journal,Theory},
}

@inproceedings{2006-vogue,
  Author =	 {Bouchra Bouqata and Christopher D. Carothers and
                  Boleslaw K. Szymanski and Mohammed J. Zaki},
  Title =	 {{VOGUE}: A Novel Variable Order-Gap State Machine
                  for Modeling Sequences},
  Booktitle =	 {10th European Conference on Principles and Practice
                  of Knowledge Discovery},
  Month =	 Sep,
  Year =	 2006,
  PDF =		 {PKDD06.pdf},
  KeyWord =	 {Conference,HMM,Bioseq,SequenceMining},
}

@article{2006-xrules:mlj,
  Author =	 {Mohammed J. Zaki and Charu C. Aggarwal},
  Title =	 {Xrules: An effective structural classifier for XML
                  data},
  Journal =	 {Machine Learning Journal},
  Note =	 {special issue on Statistical Relational Learning and
                  Multi-Relational Data Mining},
  Volume =	 62,
  Number =	 {1-2},
  Pages =	 {137-170},
  Month =	 Feb,
  Year =	 2006,
  Doi =		 {10.1007/s10994-006-5832-2},
  PDF =		 {MLJ06.pdf},
  KeyWord =	 {Journal,TreeMining,Classification},
}

@proceedings{2007-biokdd,
  Author =	 {Jake Y. Chen and Stefano Lonardi and Mohammed
                  J. Zaki},
  Editor =	 {Jake Y. Chen and Stefano Lonardi and Mohammed
                  J. Zaki},
  Title =	 {Proceedings of BIOKDD07: ACM SIGKDD International
                  Workshop on Data Mining in Bioinformatics},
  Year =	 2007,
  PDF =		 {BIOKDD07.pdf},
  url =		 {http://www.cs.rpi.edu/~zaki/Workshops/BIOKDD07/},
  KeyWord =	 {Book,Biokdd},
}

@article{2007-clicks:dke,
  Author =	 {Mohammed J. Zaki and Markus Peters and Ira Assent
                  and Thomas Seidl},
  Title =	 {{CLICKS}: An Effective Algorithm for Mining Subspace
                  Clusters in Categorical Datasets},
  Journal =	 {Data and Knowledge Engineering},
  Note =	 {special issue on Intelligent Data Mining},
  Volume =	 60,
  Number =	 1,
  Pages =	 {51-70},
  Month =	 Jan,
  Year =	 2007,
  Doi =		 {10.1016/j.datak.2006.01.005},
  PDF =		 {DKE07.pdf},
  KeyWord =	 {Journal,Clustering},
}

@article{2007-dmbeditorial:amb,
  Author =	 {Mohammed J. Zaki and George Karypis and Jiong Yang},
  Title =	 {Editorial: Data Mining in Bioinformatics},
  Journal =	 {Algorithms for molecular biology},
  Volume =	 2,
  Number =	 4,
  Year =	 2007,
  Doi =		 {10.1186/1748-7188-2-4},
  url =		 {http://www.almob.org/content/2/1/4},
  Pmid =	 17428327,
  PDF =		 {AMB07.pdf},
  KeyWord =	 {Journal,GuestEditor,Biokdd},
}

@article{2007-ijbra,
  Author =	 {Mohammed J. Zaki and Akifumi Makinouchi and Shunsuke
                  Uemura},
  Title =	 {Editorial: special issue on Biomedical Data
                  Engineering},
  Journal =	 {International Journal of Bioinformatics Research and
                  Applications},
  Volume =	 3,
  Number =	 1,
  Pages =	 {1-3},
  Year =	 2007,
  PDF =		 {IJBRA07.pdf},
  KeyWord =	 {Journal,GuestEditor,Biokdd},
}

@inproceedings{2007-lac-multilabel,
  Author =	 {Adriano Veloso and Wagner Meira, Jr. and Marcos
                  Golcalves and Mohammed J. Zaki},
  Title =	 {Multi-Label Lazy Associative Classification},
  Booktitle =	 {11th European Conference on Principles and Practice
                  of Knowledge Discovery},
  Month =	 Sep,
  Year =	 2007,
  PDF =		 {PKDD07.pdf},
  KeyWord =	 {Conference,ItemsetMining,Classification},
}

@inproceedings{2007-origami,
  Author =	 {Mohammad Hasan and Vineet Chaoji and Saeed Salem and
                  Jeremy Besson and Mohammed J. Zaki},
  Title =	 {{ORIGAMI}: Mining Representative Orthogonal Graph
                  Patterns},
  Booktitle =	 {7th IEEE International Conference on Data Mining},
  Month =	 Oct,
  Year =	 2007,
  PDF =		 {ICDM07-origami.pdf},
  KeyWord =	 {Conference,GraphMining,Sampling},
}

@inproceedings{2007-prism,
  Author =	 {Karam Gouda and Mosab Hassaan and Mohammed J. Zaki},
  Title =	 {{PRISM}: A Prime-Encoding Approach for Frequent
                  Sequence Mining},
  Booktitle =	 {7th IEEE International Conference on Data Mining},
  Month =	 Oct,
  Year =	 2007,
  PDF =		 {ICDM07-prism.pdf},
  KeyWord =	 {Conference,SequenceMining},
}

@incollection{2007-sim,
  Author =	 {Karlton Sequeira and Mohammed J. Zaki},
  Title =	 {Exploring Similarities across High-dimensional
                  Datasets},
  Booktitle =	 {Research and Trends in Data Mining Technologies and
                  Applications},
  Editor =	 {David Taniar},
  Chapter =	 3,
  Pages =	 {53-85},
  Publisher =	 {Idea Group, Inc.},
  Year =	 2007,
  PDF =		 {RTDMTA07.pdf},
  KeyWord =	 {Chapter,GraphMining},
}

@incollection{2007-sleuth,
  Author =	 {Mohammed J. Zaki},
  Title =	 {A Unified Approach to Rooted Tree Mining: Algorithms
                  and Applications},
  Editor =	 {Larry Holder and Diane Cook},
  Booktitle =	 {Mining Graph Data},
  Chapter =	 15,
  Pages =	 {381-410},
  Publisher =	 {John Wiley and Sons, Inc.},
  Year =	 2007,
  PDF =		 {MGD07.pdf},
  KeyWord =	 {Chapter,TreeMining},
}

@inproceedings{2007-trellis,
  Author =	 {Benjarath Phoophakdee and Mohammed J. Zaki},
  Title =	 {Genome-scale Disk-based Suffix Tree Indexing},
  Booktitle =	 {ACM SIGMOD International Conference on Management of
                  Data},
  Month =	 Jun,
  Year =	 2007,
  PDF =		 {SIGMOD07.pdf},
  KeyWord =	 {Conference,Bioseq,SuffixTree,Indexing},
}

@inproceedings{2007-xproj,
  Author =	 {Charu A. Aggarwal and Na Ta and Jianyong Wang and
                  Jianhua Feng and Mohammed J. Zaki},
  Title =	 {XProj: A Framework for Projected Structural
                  Clustering of XML Documents},
  Booktitle =	 {13th ACM SIGKDD International Conference on
                  Knowledge Discovery and Data Mining},
  Month =	 Aug,
  Year =	 2007,
  PDF =		 {SIGKDD07.pdf},
  KeyWord =	 {Conference,Clustering},
}

@article{2008-SP,
  Author =	 {Mohammed J. Zaki and Naren Ramakrishnan and
                  Srinivasan Parthasarathy},
  Title =	 {Editorial: Biological data mining},
  Journal =	 {Scientific Programming},
  Volume =	 16,
  Number =	 1,
  Pages =	 3,
  Year =	 2008,
  PDF =		 {SP08-editorial.pdf},
  KeyWord =	 {Journal,GuestEditor,Biokdd},
}

@proceedings{2008-biokdd,
  Author =	 {Stefano Lonardi and Jake Y. Chen and Mohammed J
                  Zaki},
  Editor =	 {Stefano Lonardi and Jake Y. Chen and Mohammed J
                  Zaki},
  Title =	 {Proceedings of BIOKDD08: ACM SIGKDD International
                  Workshop on Data Mining in Bioinformatics},
  Year =	 2008,
  PDF =		 {BIOKDD08.pdf},
  url =		 {http://www.cs.rpi.edu/~zaki/Workshops/BIOKDD08/},
  KeyWord =	 {Book,Biokdd},
}

@article{2008-contextshapes:proteins,
  Author =	 {Zujun Shentu and Mohammad Al Hasan and Chris
                  Bystroff and Mohammad J. Zaki},
  Title =	 {{Context Shapes}: Efficient Complementary Shape
                  Matching for Protein-Protein Docking},
  Journal =	 {Proteins: Structure, Function and Bioinformatics},
  Volume =	 70,
  Number =	 3,
  Pages =	 {1056-1073},
  Month =	 Feb,
  Year =	 2008,
  Pmid = 17847098,
  Doi =		 {10.1002/prot.21600},
  PDF =		 {Proteins08.pdf},
  KeyWord =	 {Journal,Proteins},
}

@article{2008-dmtl:dmkd,
  Author =	 {Vineet Chaoji and Mohammad Al Hasan and Saeed Salem
                  and Mohammed J. Zaki},
  Title =	 {An integrated, generic approach to pattern mining:
                  data mining template library},
  Journal =	 {Data Mining and Knowledge Discovery},
  Volume =	 17,
  Number =	 3,
  Pages =	 {457-495},
  Month =	 Dec,
  Year =	 2008,
  Doi =		 {10.1007/s10618-008-0098-x},
  PDF =		 {DMKD08.pdf},
  KeyWord =
                  {Journal,DataMining,GraphMining,TreeMining,SequenceMining,ItemsetMining},
}

@article{2008-explor,
  Author =	 {Jake Y. Chen and Mohammed J. Zaki and Stefano
                  Lonardi},
  Title =	 {BIOKDD08: A Workshop report on Data Mining in
                  Bioinformatics},
  Journal =	 {SIGKDD Explorations},
  Volume =	 10,
  Number =	 2,
  Pages =	 {54-56},
  Month =	 Dec,
  Year =	 2008,
  PDF =		 {KDDExplor08.pdf},
  KeyWord =	 {Journal,Biokdd},
}

@inproceedings{2008-lac-calibrated,
  Author =	 {Adriano Veloso and Wagner Meira, Jr. and Mohammed
                  J. Zaki},
  Title =	 {Calibrated Lazy Associative Classification},
  Booktitle =	 {Brazilian Symposium on Databases},
  Month =	 Oct,
  Year =	 2008,
  PDF =		 {SBBD08.pdf},
  KeyWord =	 {Conference,Classification},
}

@article{2008-origami:sadm,
  Author =	 {Vineet Chaoji and Mohammad Al Hasan and Saeed Salem
                  and Jeremy Besson and Mohammed J. Zaki},
  Title =	 {{ORIGAMI: A Novel and Effective Approach for Mining
                  Representative Orthogonal Graph Patterns}},
  Journal =	 {Statistical Analysis and Data Mining},
  Volume =	 1,
  Number =	 2,
  Pages =	 {67-84},
  Month =	 Jun,
  Year =	 2008,
  Doi =		 {10.1002/sam.10004},
  PDF =		 {SADM08.pdf},
  KeyWord =	 {Journal,GraphMining,Sampling},
}

@article{2008-partricluster-ijpp,
  author =	 {Renata B. Araujo and Guilherme H. T. Ferreira and
                  Gustavo H. Orair and Wagner Meira Jr. and Renato
                  A. C. Ferreira and Dorgival O. G. Neto and Mohammed
                  J. Zaki},
  title =	 {The ParTriCluster Algorithm for Gene Expression
                  Analysis},
  journal =	 {International Journal of Parallel Programming},
  Note =	 {special issue on SBAC-PAD 2006},
  volume =	 36,
  number =	 2,
  pages =	 {226-249},
  Month =	 Apr,
  year =	 2008,
  Doi =		 {10.1007/s10766-007-0067-9},
  PDF =		 {IJPP08.pdf},
  KeyWord =	 {Journal,ParallelDM,GeneExpression},
}

@incollection{2008-psist,
  Author =	 {Feng Gao and Mohammed J. Zaki},
  Title =	 {Indexing Protein Structures Using Suffix Trees},
  Editor =	 {Mohammed J. Zaki and Chris Bystroff},
  Booktitle =	 {Protein Structure Prediction},
  Edition =	 {Second Edition},
  Series =	 {Methods in Molecular Biology 413},
  Chapter =	 6,
  Pages =	 {147-169},
  Publisher =	 {Springer/Humana Press},
  Year =	 2008,
  Pmid = 18075165,
  PDF =		 {PSP08.pdf},
  KeyWord =	 {Chapter,Proteins,SuffixTree,Indexing},
}

@article{2008-psist:jpdc,
  Author =	 {Feng Gao and Mohammed J. Zaki},
  Title =	 {PSIST: A Scalable Approach to Indexing Protein
                  Structures using Suffix Trees},
  Journal =	 {Journal of Parallel and Distributed Computing},
  Note =	 {special issue on Parallel Techniques for Information
                  Extraction},
  Volume =	 68,
  Number =	 1,
  Pages =	 {55-63},
  Month =	 Jan,
  Year =	 2008,
  Doi =		 {10.1016/j.jpdc.2007.07.008},
  PDF =		 {JPDC08.pdf},
  KeyWord =	 {Journal,Proteins,SuffixTree,Indexing},
}

@book{2008-pspbook,
  Author =	 {Mohammed J. Zaki and Chris Bystroff},
  Editor =	 {Mohammed J. Zaki and Chris Bystroff},
  Title =	 {Protein Structure Prediction},
  Edition =	 {Second Edition},
  Series =	 {Methods in Molecular Biology 413},
  Publisher =	 {Humana Press/Springer
                  (http://www.springer.com/978-1-58829-752-5)},
  Year =	 2008,
  url =		 {http://www.cs.rpi.edu/~zaki/Books/prot-book/},
  KeyWord =	 {Book,Proteins},
}

@article{2008-sadm,
  Author =	 {Mohammed J. Zaki, Ke Wang},
  Title =	 {Editorial: Special Issue on the Best Papers of
                  SDM'08},
  Journal =	 {Statistical Analysis and Data Mining},
  Volume =	 1,
  Number =	 3,
  Pages =	 {109-110},
  Month =	 Nov,
  Year =	 2008,
  Doi =		 {10.1002/sam.10010},
  PDF =		 {SADM08-editorial.pdf},
  KeyWord =	 {Journal,GuestEditor,DataMining},
}

@Proceedings{2008-sdm,
  Author =	 {Chid Apte and Haesun Park and Ke Wang and Mohammed
                  J. Zaki},
  Editor =	 {Chid Apte and Haesun Park and Ke Wang and Mohammed
                  J. Zaki},
  Title =	 {Proceedings of the 2008 SIAM International
                  Conference on Data Mining},
  Organization = {Society for Industrial and Applied Mathematics,
                  Philadelphia, PA},
  Month =	 Apr,
  Year =	 2008,
  Note =	 {ISBN:978-0-89871-654-2},
  url =
                  {http://www.siam.org/proceedings/datamining/2008/dm08.php},
  KeyWord =	 {Book,DataMining},
}

@inproceedings{2008-snap,
  Author =	 {Saeed Salem and Mohammed J. Zaki},
  Title =	 {Iterative Non-Sequential Protein Structural
                  Alignment},
  Booktitle =	 {7th Annual International Conference on Computational
                  Systems Bioinformatics},
  Month =	 Aug,
  Year =	 2008,
  Pmid = 19642279,
  PDF =		 {CSB08.pdf},
  KeyWord =	 {Conference,Proteins},
}

@inproceedings{2008-sparcl,
  Author =	 {Vineet Chaoji and Mohammad Al Hasan and Saeed Salem
                  and Mohammed J. Zaki},
  Title =	 {{SPARCL}: Efficient and Effective Shape-based
                  Clustering},
  Booktitle =	 {8th IEEE International Conference on Data Mining},
  Month =	 Dec,
  Year =	 2008,
  PDF =		 {ICDM08.pdf},
  KeyWord =	 {Conference,Clustering},
}

@article{2008-tkdd-editorial,
  Author =	 {Mohammed J. Zaki and George Karypis and Jiong Yang
                  and Wei Wang},
  Title =	 {Introduction to special issue on bioinformatics},
  Journal =	 {ACM Transactions on Knowledge Discovery from Data},
  Volume =	 2,
  Number =	 1,
  Article =	 1,
  Month =	 Mar,
  Year =	 2008,
  Doi =		 {10.1145/1342320.1342321},
  PDF =		 {TKDD08-editorial.pdf},
  KeyWord =	 {Journal,GuestEditor,Biokdd},
}

@inproceedings{2008-trellis+,
  Author =	 {Benjarath Phoophakdee and Mohammed J. Zaki},
  Title =	 {TRELLIS+: An Effective Approach for Indexing
                  Genome-Scale Sequences using Suffix Trees},
  Booktitle =	 {13th Pacific Symposium on Biocomputing},
  Month =	 Jan,
  Year =	 2008,
  Pmid = 18229678,
  PDF =		 {PSB08.pdf},
  KeyWord =	 {Conference,Bioseq,SuffixTree,Indexing},
}

@incollection{2009-bdm,
  Author =	 {Naren Ramakrishnan and Mohammed J. Zaki},
  Title =	 {Redescription Mining and Applications in
                  Bioinformatics},
  Editor =	 {Jake Chen and Stefano Lonardi},
  Booktitle =	 {Biological Data Mining},
  Publisher =	 {CRC Press},
  Year =	 2009,
  url =		 {http://www.crcpress.com/product/isbn/9781420086843},
  PDF =		 {CRC09.pdf},
  KeyWord =	 {Chapter,GeneExpression},
}

@incollection{2009-eds,
  Author =	 {Mohammed J. Zaki},
  Title =	 {Closed Itemset Mining and Non-redundant Association
                  Rule Mining},
  Editor =	 {Ling Liu and M. Tamer Ozsu},
  Booktitle =	 {Encyclopedia of Database Systems},
  Publisher =	 {Springer-Verlag},
  Year =	 2009,
  url =		 {http://www.springer.com/978-0-387-49616-0},
  PDF =		 {EDS09.pdf},
  KeyWord =	 {Chapter,ItemsetMining},
}

@inproceedings{2009-flexsnap,
  Author =	 {Saeed Salem and Mohammed J. Zaki and Chris Bystroff},
  Title =	 {{FlexSnap}: Flexible Non-Sequential Protein
                  Structure Alignment},
  Booktitle =	 {9th Workshop on Algorithms in Bioinformatics},
  Month =	 Sep,
  Year =	 2009,
  PDF =		 {WABI09.pdf},
  KeyWord =	 {Conference,Proteins},
}

@techreport{2009-genomewide,
  Author =	 {Igor B. Kuznetsov and Mohammed J. Zaki},
  Title =	 {Integration of multiple types of genome-wide
                  datasets and analysis of functional relationships
                  among genes in the human genome},
  Institution =	 {Rensselaer Polytechnic Institute},
  Number =	 {09-03},
  Month =	 Aug,
  Year =	 2009,
  PDF =		 {KHZ09.pdf},
  KeyWord =	 {TechReport,GeneExpression},
}

@inproceedings{2009-graphont,
  Author =	 {Stephen Kelley and Mark Goldberg and Malik
                  Magdon-Ismail and Konstantin Mertsalov and William
                  Wallace and Mohammed J.  Zaki},
  Title =	 {graphOnt: An Ontology Based Library for Conversion
                  from Semantic Graphs to JUNG},
  Booktitle =	 {7th IEEE International Conference on Intelligence
                  and Security Informatics},
  Month =	 Jun,
  Year =	 2009,
  PDF =		 {ISI09.pdf},
  KeyWord =	 {Conference,GraphMining},
}

@article{2009-graphsampling,
  Author =	 {Mohammad Al Hasan and Mohammed J. Zaki},
  Title =	 {Output Space Sampling for Graph Patterns},
  Journal =	 {Proceedings of the VLDB Endowment (35th International
		  Conference on Very Large Data Bases)},
  Volume =	 2,
  Number = 1,
  Pages = {730-741},
  Year =	 2009,
  PDF =		 {VLDB09.pdf},
  KeyWord =	 {Journal,GraphMining,Sampling},
}

@inproceedings{2009-lac-competence,
  Author =	 {Adriano Veloso and Mohammed J. Zaki and Wagner
                  Meira, Jr. and Marcos Goncalves},
  Title =	 {The Metric Dilemma: Competence-Conscious Associative
                  Classification},
  Booktitle =	 {9th SIAM International Conference on Data Mining},
  Month =	 Apr,
  Year =	 2009,
  PDF =		 {SDM09-lac.pdf},
  KeyWord =	 {Conference,Classification},
}

@inproceedings{2009-musk,
  Author =	 {Mohammad Al Hasan and Mohammed J. Zaki},
  Title =	 {MUSK: Uniform Sampling of k Maximal Patterns},
  Booktitle =	 {9th SIAM International Conference on Data Mining},
  Month =	 Apr,
  Year =	 2009,
  PDF =		 {SDM09.pdf},
  KeyWord =	 {Conference,GraphMining,Sampling},
}

@article{2009-robin:prl,
  Author =	 {Mohammad Al Hasan and Vineet Chaoji and Saeed Salem
                  and Mohammed J. Zaki},
  Title =	 {Robust Partitional Clustering by Outlier and Density
                  Insensitive Seeding},
  Journal =	 {Pattern Recognition Letters},
  Volume =	 30,
  Number =	 11,
  Pages =	 {994-1002},
  Month =	 Aug,
  Year =	 2009,
  Doi =		 {10.1016/j.patrec.2009.04.013},
  PDF =		 {PRL09.pdf},
  KeyWord =	 {Journal,Clustering},
}

@Proceedings{2009-sigkdd,
  Author =	 {John Elder and Francoise Soulie Fogelman and Peter
                  Flach and Mohammed Zaki},
  Editor =	 {John Elder and Francoise Soulie Fogelman and Peter
                  Flach and Mohammed Zaki},
  Title =	 {Proceedings of the 15th ACM SIGKDD international
                  conference on Knowledge discovery and data mining},
  Organization = {ACM},
  Month =	 Jun,
  Year =	 2009,
  Note =	 {ISBN:978-1-60558-495-9},
  url =		 {http://portal.acm.org/toc.cfm?id=1557019},
  KeyWord =	 {Book,DataMining},
}

@inproceedings{2009-simclus,
  Author =	 {Mohammad Al Hasan and Saeed Salem and Benjarath
                  Pupacdi and Mohammed J. Zaki},
  Title =	 {Clustering with Lower Bound on Similarity},
  Booktitle =	 {13th Pacific-Asia Conference on Knowledge Discovery
                  and Data Mining},
  Note =	 {Best Paper Award},
  Month =	 Apr,
  Year =	 2009,
  PDF =		 {PAKDD09.pdf},
  KeyWord =	 {Conference,Clustering,GraphMining},
}

@article{2009-snap:jbcb,
  Author =	 {Saeed Salem and Mohammed J. Zaki and Chris Bystroff},
  Title =	 {Iterative Non-Sequential Protein Structural
                  Alignment},
  Journal =	 {Journal of Bioinformatics and Computational Biology},
  Note =	 {special issue on the best of CSB'08},
  Volume =	 7,
  Number =	 3,
  Pages =	 {571-596},
  Month =	 Jun,
  Year =	 2009,
  Pmid = 19507290,
  Doi =		 {10.1142/S0219720009004205},
  PDF =		 {JBCB09.pdf},
  KeyWord =	 {Journal,Proteins},
}

@article{2009-sparcl:kais,
  Author =	 {Vineet Chaoji and Mohammad Al Hasan and Saeed Salem
                  and Mohammed J. Zaki},
  Title =	 {{SPARCL}: An Effective and Efficient Algorithm for
                  Mining Arbitrary Shape-based Clusters},
  Journal =	 {Knowledge and Information Systems},
  Note =	 {Invited: best papers of ICDM'08},
  Volume =	 21,
  Number = 2,
  Pages = {201-229},
  Month =	 Nov,
  Year =	 2009,
  Doi =		 {10.1007/s10115-009-0216-0},
  PDF =		 {KAIS09.pdf},
  KeyWord =	 {Journal,Clustering},
}

@article{2009-jbb,
	Author = {Amanda W. Lund and Cagatay C. Bilgin and Mohammed Al
		Hasan and Lindsey M. McKeen and Jan P. Stegeman and
			Bulent Yener and Mohammed J. Zaki and George E.
			Plopper},
	Title = {Quantification of Spatial Parameters in 3D Cellular
		Constructs Using Graph Theory},
	Journal = {Journal of Biomedicine and Biotechnology},
	Volume = {2009},
	Number = {928286},
	Pages = {16},
	Year= 2009,
	Pmid = 19920859,
	PDF = {JBB09.pdf},
	url = {http://www.hindawi.com/journals/jbb/2009/928286.html},
	Doi = {10.1155/2009/928286},
	KeyWord = {Journal,Biokdd,CellGraphs},
}

@article{2009-PLOS,
	Author = {Amir H. Qureshi and Vineet Chaoji and Dony Maiguel
		and Hafeez Faridi and Constantinos Barth and Erliang
			Zheng and Jeremy Besson and Saeed M. Salem and 
			Mudita Singhal and David Sarracino and Bryan Krastins
			and Mitsunori Ogihara and Mohammed J. Zaki and Vineet
			Gupta}, 
	Title = {Proteomic and Phospho-proteomic Profile of Human 
             Platelets in Basal, Resting State: Insights into 
			 Integrin Signaling}, 
	Journal = {PLoS ONE}, 
	Volume = 4,
	Number = 10,
	Pages = {e7627},
	Year = 2009,
	Pmid = 19859549,
	PDF = {PONE09.pdf},
	url = {http://www.plosone.org/article/info:doi/10.1371/journal.pone.0007627},
	KeyWord = {Journal,Biokdd,PPI},
}

@article{2009-explor,
	Author = {Peter A. Flach, Sebastian Spiegler, Bruno Golenia,
            Simon Price, John Guiver, Ralf Hebrich, Thone Graepel,
            Mohammed J. Zaki},
	Title = {Novel Tools to Streamline the Conference Review Process:
		Experiences from SIGKDD'09},
	Journal = {SIGKDD Explorations},
	Volume = 11,
	Number = 2,
	Pages = {63-67},
	Month = Dec,
	Year = 2009,
	PDF = {KDDExplor09.pdf},
	url = {http://www.sigkdd.org/explorations/issue.php?volume=11&issue=2&year=2009&month=12},
	KeyWord = {Journal,DataMining},
}

@article{2010-vogue:tkdd,
  Author =	 {Mohammed J. Zaki and Christopher D. Carothers and
                  Boleslaw K. Szymanski},
  Title =	 {{VOGUE}: A Variable Order Hidden Markov Model with
                  Duration based on Frequent Sequence Mining},
  Journal =	 {ACM Transactions on Knowledge Discovery in Data},
  Volume =	 {4},
  Number = {1},
  Pages = {Article 5},
  Month = Jan,
  Year =	 2010,
  PDF =		 {TKDD10.pdf},
  KeyWord =	 {Journal,SequenceMining,Bioseq,HMM},
}

@article{2010-AMB,
	Author = {Saeed Salem and Mohammed J. Zaki and Chris
		Bystroff}, 
	Title = {{FlexSnap}: Flexible Non-Sequential Protein 
		Structure Alignment}, 
	Journal = {Algorithms in Molecular Biology}, 
	Note = {special issue on best papers from WABI'09},
	Volume = {5},
	Number = 12,
	Month = Jan,
	Year = 2010,
	Pmid = 20047669,
	PDF = {AMB10.pdf},
	url = {http://www.almob.org/content/5/1/12},
	KeyWord = {Journal,Proteins},
}

@article{2010-prism:jcss,
  Author =	 {Karam Gouda and Mosab Hassaan and Mohammed J. Zaki},
  Title =	 {{PRISM}: An Effective Approach for Frequent Sequence
                  Mining via Prime-Block Encoding},
  Journal =	 {Journal of Computer and Systems Sciences},
  Note =	 {special issue on Intelligent Data Analysis},
  Volume =	 {76},
  Number =1,
  Month =	 Feb,
  Year =	 2010,
  Pages = {88-102},
  Doi =		 {10.1016/j.jcss.2009.05.008},
  PDF =		 {JCSS10.pdf},
  KeyWord =	 {Journal,SequenceMining},
}

@inproceedings{WWW10,
	Author = {Medha Atre and Vineet Chaoji and Mohammed J. Zaki
		and James A. Hendler},
	Title = {Matrix Bit loaded: 
		A Scalable Lightweight Join Query Processor for RDF Data},
	Booktitle  = {19th International World Wide Web Conference}, 
	Month = Apr,
	Year = 2010,
	PDF = {WWW10.pdf},
	KeyWord = {Conference,Indexing,RDF,Semantic},
}

@inproceedings{FSDM10,
	Author = {Jierui Xie and Boleslaw Szymanski and Mohammed J. Zaki},
	Title = {Learning Dissimilarities for Categorical Symbols},
	Booktitle  = {Workshop on Feature Selection in Data Mining
		(with PAKDD)}, 
	Month = Jun,
	Year = 2010,
	PDF = {FSDM10.pdf},
	URL = {http://jmlr.csail.mit.edu/proceedings/papers/v10/},
	KeyWord = {Conference,Classification},
}

@book{2010-pakdd1,
  Author =	 {Mohammed J. Zaki and Jeffrey X. Yu and B. Ravindran and Vikram Pudi},
  Booktitle = {Advances in Knowledge Discovery and Data Mining, Part I, 
         Proceedings of the 14th Pacific-Asia Conference (PAKDD
				 2010)},  
  Title =	 {Advances in Knowledge Discovery and Data Mining, Part I, 
         Proceedings of the 14th Pacific-Asia Conference (PAKDD
				 2010)},
  Editor =	 {Mohammed J. Zaki and Jeffrey X. Yu and B. Ravindran and Vikram Pudi},
  Publisher =	 {Springer},
  Series =	 {LNAI},
  Volume =	 6118,
  Year =	 2010,
  Note =	 {ISBN: 978-3-642-13656-6},
  Url =		 {http://www.springerlink.com/content/978-3-642-13656-6/},
  KeyWord =	 {Book,DataMining},
}

@book{2010-pakdd2,
  Author =	 {Mohammed J. Zaki and Jeffrey X. Yu and B. Ravindran and Vikram Pudi},
  Booktitle = {Advances in Knowledge Discovery and Data Mining,
	  Part II, 
         Proceedings of the 14th Pacific-Asia Conference (PAKDD
				 2010)},  
  Title =	 {Advances in Knowledge Discovery and Data Mining,
	  Part II, 
         Proceedings of the 14th Pacific-Asia Conference (PAKDD
				 2010)},
  Editor =	 {Mohammed J. Zaki and Jeffrey X. Yu and B. Ravindran and Vikram Pudi},
  Publisher =	 {Springer},
  Series =	 {LNAI},
  Volume =	 6119,
  Year =	 2010,
  Note =	 {ISBN: 978-3-642-13671-9},
  Url =		 {http://www.springerlink.com/content/978-3-642-13671-9/},
  KeyWord =	 {Book,DataMining},
}


@inproceedings{MLG10,
	Author = {Arlei Silva and Wagner Meira, Jr. and Mohammed J. Zaki},
	Title = {Structural Correlation Pattern Mining for Large Graphs},
	Booktitle  = {8th Workshop on Mining and Learning with Graphs
		(with SIGKDD)}, 
	Month = July,
	Year = 2010,
	PDF = {MLG10.pdf},
	KeyWord = {Conference,GraphMining,Clustering},
}

@inproceedings{LDMTA10,
	Author = {Saeed Salem and Khedidja Seridi and Loqmane Seridi
		and Jianfei Wu and Mohammed J. Zaki},
	Title = {VOKNN: Voting-based Nearest Neighbor Approach for 
	Scalable SVM Training},
	Booktitle = {2nd Workshop on Large-scale Data Mining: Theory and Applications	(with SIGKDD)}, 
	Month = July,
	Year = 2010,
	PDF = {LDMTA10.pdf},
	KeyWord = {Conference,Classification},
}

@article{2010-grail,
  Author =	 {Hilmi Yildirim and Vineet Chaoji and Mohammed J. Zaki},
  Title =	 {GRAIL: Scalable Reachability Index for Large Graphs},
  Journal =	 {Proceedings of the VLDB Endowment (36th International
		  Conference on Very Large Data Bases)},
  Volume =	 3,
  Number = 1,
  Pages = {276-284},
  Year =	 2010,
  PDF =		 {VLDB10.pdf},
  KeyWord =	 {Journal,GraphIndexing,Indexing},
}

@inproceedings{2010-ats,
	Author = {Neha Goel and Michael S. Hsiao and Naren
		Ramakrishnan and Mohammed J. Zaki}, 
	Title = {Mining Complex Boolean Expressions for
		Sequential Equivalence Checking}, 
	Booktitle = {Proceedings of the
		19th Asian Test Symposium, Shanghai, China}, 
	Month = Dec,
	Year = 2010,
	PDF = {ATS10.pdf},
	KeyWord = {Conference,DataMining,ItemsetMining},
}

@article{2010-ijkdb,
	Author = {Mohammed J. Zaki and Naren Ramakrishnan and
		Lizhuang Zhao}, 
    Title = {Mining Frequent Boolean Expressions: Application to Gene
                Expression and Regulatory Modeling},
    Journal = {International Journal of Knowledge Discovery in 
                Bioinformatics}, 
	Volume = 1,
	Number = 3,
	Pages = {68-96},
	Year = 2010,
	Month = Sep,
	Note =	 {special issue on Mining Complex Structures in Biology},
	PDF = {IJKDB10.pdf},
	KeyWord =	 {Journal,ItemsetMining,GeneExpression},
}

@inproceedings{2011-abacus,
  Author =	 {Vineet Chaoji and Geng Li and Hilmi Yildirim
                  and Mohammed J. Zaki},
  Title =	 {{ABACUS}: Mining Arbitrary Shaped Clusters from Large
	  Datasets based on Backbone Identification},
  Booktitle =	 {11th SIAM International Conference on Data Mining},
  Month =	 Apr,
  Year =	 2011,
  PDF =		 {SDM11-abacus.pdf},
  KeyWord =	 {Conference,Clustering},
}

@inproceedings{2011-enzyme,
  Author =	 {Elisa B. de Lima and Raquel C. Minardi and Wagner
	  Meira, Jr. and Mohammed J. Zaki},
  Title =	 {Data Integration via Constrained Clustering: An
	  Application to Enzyme Clustering},
  Booktitle =	 {11th SIAM International Conference on Data Mining},
  Month =	 Apr,
  Year =	 2011,
  PDF =		 {SDM11-enzyme.pdf},
  KeyWord =	 {Conference,Clustering,Biokdd},
}

@article{2011-lac-calibrated,
  Author =	 {Adriano Veloso and Wagner Meira, Jr. and Macros
	  Goncalves and Humberto Almeida, and Mohammed J. Zaki},
  Title =	 {Calibrated Lazy Associative Classification},
  journal =	 {Information Sciences},
  Month =	 July,
  Year =	 2011,
  Volume = 181,
  Number = 13,
  Pages = {2656-2670},
  PDF =		 {IS11.pdf},
  KeyWord =	 {Journal,Classification},
}

@inproceedings{AnchuriCMDB,
  author = {Anchuri, Pranay and Zaki, Mohammed J. and Barkol, Omer and Bergman,
    Ruth and Felder, Yifat and Golan, Shahar and Sityon, Arik},
  title = {Infrastructure Pattern Discovery in Configuration Management
    Databases via Large Sparse Graph Mining},
  booktitle = {Proceedings of the 2011 IEEE 11th International Conference on
    Data Mining},
  series = {ICDM '11},
  year = {2011},
  isbn = {978-0-7695-4408-3},
  pages = {11--20},
  numpages = {10},
  url = {http://dx.doi.org/10.1109/ICDM.2011.81},
  doi = {10.1109/ICDM.2011.81},
  acmid = {2118201},
  publisher = {IEEE Computer Society},
  address = {Washington, DC, USA},
  keywords = {single graph mining, frequent subgraphs,
    configuration management databases},
}

@ARTICLE { 2012-kais,
  AUTHOR = { Pranay Anchuri and Mohammed J. Zaki and Omer Barkol and Ruth
    Bergman and Yifat Felder and Shahar Golan and Arik Sityon },
  TITLE = { Graph Mining for Discovering Infrastructure Patterns in
    Configuration Management Databases },
  JOURNAL = { Knowledge and Information Systems },
  VOLUME = { xx },
  NUMBER = { x },
  YEAR = { 2012 },
  PAGES = { xxx-xxx },
  DOI = { 10.1007/s10115-012-0528-3 },
  PDF = { KAIS12.pdf },
  KEYWORD = { Journal,GraphMining },
}
